2524 3850
313 298 638 394 ,·Mon1m
753 271 852 396 a&

68 479 70 482 -
174 445 263 524 quant
278 438 369 513 sdeat
380 487 391 519 ,
404 444 497 506 minus
513 443 670 528 superbiae3
681 459 789 528 utque,
800 462 857 504 eeu

176 543 345 628 minutium
364 545 481 613 onustus
496 547 578 610 mole
596 567 761 630 corporea,
777 546 861 630 spiri-

175 666 222 713 tus
241 650 278 712 ad
296 651 452 714 caelestium
470 652 616 715 bonorum
632 648 767 734 gustum,
786 649 858 711 frui·

176 755 346 838 tionemque
367 757 501 819 enitatur.
526 754 717 818 Similiter&
743 755 773 814 in
798 753 859 836 Sy-

176 860 266 936 naxi,
284 862 400 931 tametsi
417 880 478 921 non
499 857 541 920 est
558 857 796 941 aspernandum,
808 858 859 918 in·

176 966 300 1046 quiunt,
317 963 398 1047 quod
416 965 592 1027 caeretnoniis
613 964 741 1045 geritur,
758 951 859 1022 tamen

176 1064 209 1127 id
226 1086 279 1149 per
292 1065 341 1143 se,
353 1082 403 1128 aut
420 1087 522 1149 parum
539 1065 580 1129 est
596 1065 799 1140 conducibile,
810 1081 860 1126 aut

177 1173 266 1234 etiam
285 1170 500 1253 perniciosum,
516 1172 570 1232 nisi
588 1170 619 1232 id
641 1169 722 1254 quod
743 1167 784 1231 est
800 1169 861 1251 spi·

178 1273 262 1336 ritale
282 1272 450 1354 accesserit,
472 1296 580 1358 nempe
599 1276 656 1337 hoc
676 1274 756 1358 quod
774 1275 861 1358 signis

178 1378 416 1442 illis-visibilibus
438 1379 666 1462 repraesentatur.
687 1377 859 1461 Repraesen-

179 1497 256 1544 tatur
270 1500 368 1544 autem
382 1505 462 1544 mors
481 1482 604 1560 Christi,
621 1504 709 1567 quam
725 1481 861 1560 domitis,

179 1585 310 1649 extindis
320 1633 332 1662 ‚
343 1589 480 1668 quasique
495 1587 612 1668 sepultis
627 1589 757 1666 eorporis
774 1585 863 1647 affec·

179 1689 279 1763 tibus,
297 1690 458 1768 exprimere
474 1688 612 1750 mortales
628 1705 768 1770 oportet,
782 1707 814 1752 ut
830 1693 862 1750 in

181 1793 346 1856 novitatem
370 1791 438 1851 vitae
465 1788 636 1872 resurgant,
657 1808 747 1873 utque
772 1813 862 1855 unum

182 1914 251 1958 eum
278 1892 359 1967 illo,
390 1911 481 1953 unum
507 1894 577 1956 item
604 1896 679 1956 inter
708 1893 766 1957 sese
797 1894 862 1958 fieri

182 2014 301 2083 queant.
319 1996 392 2057 Haec
410 1997 495 2079 igitur
519 1999 602 2080 agit‘,
622 1997 683 2059 hac
710 1998 862 2061 meditatur

182 2103 232 2168 ille
251 2103 324 2183 pius.
346 2097 460 2162 Contra
484 2099 587 2186 vulgus
608 2100 772 2164 sacrificium
793 2103 863 2166 nihil

9 2219 11 2286 ]
121 2227 122 2232 ¹
182 2200 338 2272 aliudesse
358 2201 470 2276 credit,
490 2224 576 2284 quarn
595 2203 691 2266 adesse
707 2207 863 2282 altariltns,

185 2310 275 2394 idque
292 2306 445 2390 proxime,
461 2305 559 2367 audire
576 2328 683 2370 vocum
698 2307 863 2394 strepitum,

186 2413 309 2495 aliasque
332 2410 362 2472 id
385 2428 475 2493 genus
494 2409 709 2472 caeremoniolas
726 2410 864 2494 spedare.

188 2517 256 2598 Neq
271 2518 301 2578 in
318 2515 362 2576 his
377 2529 509 2588 tanturn,
526 2535 589 2596 quae
608 2513 744 2578 duntaxat
763 2538 866 2582 exem·

188 2622 232 2706 pli
249 2621 340 2704 gratia
353 2603 573 2701 proposuimus,
590 2615 638 2679 sed
654 2620 819 2704 simpliciter
836 2626 866 2686 in

192 2728 276 2789 omni
294 2725 355 2786 vita
376 2721 481 2805 refugit
501 2723 565 2803 pius
583 2723 619 2782 ab
641 2722 706 2800 his,
724 2746 786 2808 quae
806 2749 872 2788 cor.

193 2830 261 2916 poti
281 2840 404 2912 cognata
428 2823 491 2888 sunt
502 2869 513 2902 ,
532 2824 569 2887 ad
594 2843 719 2905 aterna,
740 2830 779 2894 ad
797 2833 873 2898 invi·
