2452 4386
419 246 472 286 '¹
525 266 771 336 Monta.
914 282 983 352 ¹39

303 403 384 488 poris
407 407 635 480 contentiones,
654 423 814 488 pugnaque
835 403 981 464 msticanae

305 504 413 568 fuerint
437 505 613 583 &,cralsae‚
637 510 661 569 si
691 527 757 567 cum
783 505 981 589 magistrorum

248 646 257 663 ι
306 606 467 672 nostrorum
488 611 636 696 plusquam
661 607 852 692 Chrysippeis
872 607 1004 670 subtili-.

305 714 410 775 tatibus
431 715 626 777 conserantur.
648 714 824 797 Quanquam
847 711 981 772 homines

305 816 529 894 modestissimi,
550 819 663 899 siquid
687 799 768 880 forte
793 815 927 898 scriptum
949 815 984 874 sit

304 919 342 980 ab
360 919 510 1001 Apostolis
528 920 682 982 indolatius
699 928 857 1002 parumque
877 921 985 1000 magis-

304 1023 432 1099 traliter,
448 1045 508 1086 non
528 1025 664 1086 damnant
683 1023 822 1108 quidem,
835 1019 884 1084 secl
900 1042 985 1083 com·

305 1127 397 1192 mode
420 1129 665 1212 interpretantur:
683 1128 740 1189 hoc
763 1126 902 1189 videlicet
924 1125 984 1186 ho-

288 1231 384 1298 'noris
395 1276 405 1306 ,
417 1235 522 1313 partim
537 1233 717 1316 antiquitati,
732 1235 836 1314 partim
851 1229 985 1314 Aposto-

303 1333 362 1395 llco
381 1335 493 1402 nomini
514 1335 688 1404 deserentes.
707 1334 745 1398 Et
763 1335 861 1398 hercle
881 1354 983 1418 parunt
1057 1351 1061 1360 ’

303 1459 417 1521 acquum
432 1455 512 1516 erat,
526 1461 573 1510 res
587 1457 680 1502 tantas
696 1440 733 1504 ab
749 1440 803 1501 illis
818 1436 984 1526 requirere,

304 1542 344 1604 de
365 1544 489 1624 quibus,
509 1565 546 1608 ex
565 1563 748 1627 praeceptore
767 1545 840 1620 suo,
856 1562 893 1610 ne
911 1564 986 1606 ver·

303 1646 376 1706 bum
397 1647 516 1727 quidem
539 1667 666 1726 unquam
689 1645 839 1714 audlffent.
859 1645 985 1711 ldemsi

305 1749 423 1809 eveniat
439 1749 469 1808 in
487 1745 719 1827 Chrysostomo‚
736 1747 863 1820 basilio,
876 1749 988 1808 Hiero·

304 1872 424 1934 nymo,
443 1867 506 1916 tum
529 1849 570 1914 sat
593 1850 702 1911 babent
715 1847 909 1924 adscribere,
929 1874 984 1912 nou

303 1969 417 2018 tenetur.
433 1952 471 2016 Et
487 1953 528 2015 illi
544 1954 662 2038 quidem
679 1943 864 2016 confutarunt
881 1953 987 2016 Ethni·

302 2081 355 2121 cos
367 2057 557 2140 Philosophos
572 2080 606 2123 ac
621 2057 736 2150 luglaeos
748 2103 758 2134 ,
771 2056 870 2142 suapte
883 2076 989 2145 natura,

303 2162 569 2244 pertinacissimos,
588 2160 638 2223 sed
654 2164 715 2225 vita
731 2165 822 2246 magis
840 2185 874 2223 ac
893 2165 986 2224 mira-

304 2265 374 2326 culis
389 2284 476 2346 quam
492 2261 682 2346 syllogismis,
698 2281 760 2324 tum
784 2283 836 2328 eos
858 2287 982 2348 qtrorum

305 2382 396 2430 nemo
419 2367 505 2434 suerit
528 2365 675 2441 idoneus,
697 2367 747 2428 vel
767 2351 884 2428 ursicum
904 2367 985 2432 Scoti

249 2465 251 2469 ’
305 2469 522 2552 Quodlibetum
533 2471 650 2553 ingenio
662 2467 809 2554 consequi.
823 2469 908 2534 Nunc
921 2473 984 2555 quis

253 2619 255 2626 ·
306 2574 472 2648 Ethnicus,
495 2573 556 2657 quis
579 2573 737 2637 Haereticus
760 2591 821 2636 nott
844 2578 986 2639 continuo

306 2677 393 2740 cedat
420 2694 464 2740 tor
490 2676 663 2739 tenuissimis
688 2674 911 2757 subtilitatibus,
932 2685 987 2748 nisi

305 2800 368 2848 rem
384 2777 507 2858 crassus,
526 2794 639 2846 utnon
658 2775 837 2864 assequatur,
854 2801 903 2846 aut
922 2803 982 2849 tam
