2506 3862
421 306 669 377 Monta.
839 325 883 398 9¹

204 443 295 506 ,diurni
305 489 321 516 ,.
333 463 403 506 num
421 443 513 529 quivis
530 445 623 508 sensus
634 463 708 524 ,eut
722 446 827 510 mentis
843 464 890 506 er-

212 569 283 622 ror,
296 546 408 610 insanie
426 552 546 612 nomine
559 551 596 616 sit
609 551 806 634 appellandus.
823 548 890 612 Ne·
944 579 945 588 ¹

212 671 271 740 que
287 655 364 717 enim
377 655 401 716 si
414 658 460 716 cui
473 655 606 738 lippienti
618 653 711 732 mulus
729 655 821 720 asinus
832 650 890 715 effe

212 755 363 832 rideatur3
376 774 425 820 aut
435 761 458 820 si
471 763 534 842 quis
547 738 697 821 indonum
709 776 826 818 carmen
835 777 892 820 ve-

210 859 264 922 luti
285 861 480 922 dodissimum
501 862 684 936 admiretur,
705 862 730 920 is
752 859 891 922 continuo

210 963 357 1026 videbitur
368 963 498 1032 insanire.
508 964 625 1030 Verum
634 965 658 1024 si
667 966 730 1048 quis
741 981 802 1024 nou
812 960 890 1026 sensu

211 1083 344 1144 tantum,
360 1068 408 1132 sed
427 1068 514 1129 animi
529 1066 640 1148 judicio
654 1066 788 1142 fallatur,
804 1061 890 1148 idque

191 1164 316 1255 'preter
333 1175 468 1235 usitatum
491 1193 608 1236 morem
628 1193 663 1234 ac
683 1187 851 1256 perpetuo,
866 1172 890 1230 ir

209 1275 332 1344 demum
346 1275 457 1338 inseniae
473 1275 633 1338 censebitur
647 1274 737 1337 affinis
749 1273 806 1338 effe
816 1297 824 1335 z
835 1295 892 1338 ve·

211 1379 264 1446 luti
278 1381 302 1440 si
316 1381 379 1462 quis
392 1383 507 1465 quoties
524 1380 636 1446 esium
651 1379 771 1442 audierit
783 1377 891 1440 ruden-

208 1499 293 1559 tem,
309 1485 461 1547 arbitretur
480 1483 538 1547 sese
560 1484 648 1552 miros
670 1482 889 1566 symphoniscos

95 1667 99 1676 ‚
140 1651 142 1656 ,
209 1587 308 1649 audire
321 1634 332 1664 ‚
345 1606 395 1650 aut
410 1591 509 1671 siquis
523 1587 714 1671 pauperculus
725 1586 827 1649 infimo
840 1588 889 1649 lo-

158 1738 162 1750 .
211 1709 250 1756 eo
262 1689 505 1766 natus,Croesum
516 1691 669 1774 Lydorum
679 1711 781 1776 regem
791 1688 848 1753 ess'e
858 1690 889 1752 se

211 1792 322 1854 credet.
337 1791 396 1854 Sed
408 1794 466 1854 hoc
480 1792 591 1856 insanire
605 1815 713 1878 genus,
726 1798 771 1869 si,
784 1814 889 1877 quem-

211 1895 371 1964 admodum
383 1896 445 1960 fere
457 1896 510 1973 fit,
523 1916 625 1983 vergat
637 1897 674 1960 ad
685 1898 887 1988 voluptatem«,

201 2017 271 2074 non
280 2002 460 2066 mediocrem
471 1999 889 2078 detestationem-adteretur

199 2108 244 2178 iis
265 2109 314 2188 qui
333 2127 371 2168 eo
392 2125 551 2182 tenemur,
569 2126 633 2170 tum
651 2108 706 2170 illis
723 2108 826 2193 quibus
845 2103 888 2169 est

209 2207 270 2267 hoc
282 2205 532 2283 animadversum,
543 2229 599 2272 nec
612 2228 710 2276 tamen
723 2213 830 2274 eodem
842 2211 889 2275 inr

202 2310 331 2372 daniutrt.
353 2307 432 2371 Nam
451 2308 513 2370 bec
532 2311 645 2384 insanie
664 2314 773 2394 species
793 2316 887 2376 multo

211 2413 294 2486 latius
306 2430 388 2496 patet
399 2459 409 2490 ,
421 2433 509 2497 quam
521 2412 626 2494 vulgus
637 2413 788 2473 hominum
800 2416 887 2476 intei-

208 2497 284 2604 'ligin
302 2516 362 2580 Sed
378 2519 506 2582 vicissim
524 2503 635 2574 insenus
651 2511 779 2581 insanum
795 2517 886 2596 ridet,

205 2640 247 2687 <ac
263 2637 393 2686 mutuam
410 2621 463 2688 sibi
482 2618 668 2699 voluptatem
686 2619 812 2681 invicem
830 2625 888 2686 mi.-

211 2719 339 2792 nistrant.
350 2723 459 2806 Neque.
467 2745 533 2786 raro
544 2720 609 2792 fieri
619 2719 771 2801 videbitis„
781 2743 813 2787 ut
823 2747 887 2794 mu-

210 2823 258 2910 ior
273 2824 384 2890 insanus
403 2825 605 2898 vehementius
623 2825 715 2896 rideat
731 2832 885 2898 minorent·
