2524 3850
328 373 331 382 ,
379 303 453 402 196
551 307 880 380 Enconrurt

295 457 309 468 '·
377 461 529 532 peccatum
544 445 633 511 fastus
652 446 714 526 est,
731 464 763 510 ut
775 449 902 532 peccatis
920 446 1059 512 medete³

375 549 447 612 tur?
467 548 573 635 Neque
594 553 649 616 alia
670 556 782 617 ratione
804 553 917 616 mederi
937 551 1058 630 voluit,'

374 674 462 738 quarn
475 674 529 738 per
544 654 687 720 stultitiam
702 658 810 732 crucis,
821 676 875 739 per
887 647 1055 739 'Apostolus

371 757 501 836 idiotas,
519 781 553 822 ac
569 762 710 845 pingues:
725 761 827 845 quibus
843 759 943 824 sedulo
960 759 1054 824 stulti·

370 864 443 926 tiam
452 865 603 948 praecipit,
617 889 634 927 a
649 865 785 949 sapientia
800 865 970 940 deterrens,
984 883 1052 926 cum

370 987 426 1032 ens
444 969 482 1030 ad
500 985 680 1060 puerorum,
699 969 847 1046 liliorum,
862 970 994 1052 sinapis,
1016 967 1052 1030 δι

370 1072 595 1159 pfflerculorurn
617 1075 785 1157 exemplum
812 1089 981 1155 provocat,
1001 1091 1054 1132 re-

369 1197 436 1240 rum
455 1175 630 1260 stupidamrn
649 1198 683 1240 nc
701 1175 781 1240 sensu
798 1177 983 1251 carentium,
1001 1173 1053 1237 so·

362 1279 461 1364 *loque
473 1298 580 1355 natiue
595 1281 681 1344 dusiu
692 1325 705 1354 ,
716 1280 796 1344 nulla
809 1296 891 1357 arte,
905 1278 982 1344 nulla
994 1278 1054 1342 sol-

369 1381 637 1458 licitudine,vitnm
649 1385 795 1469 agentium
802 1399 1054 1468 ;ptaeterea,cum

370 1501 453 1548 vetat
467 1483 524 1546 ess'e
537 1485 692 1560 sollicitos,
706 1508 764 1567 qua
779 1486 869 1547 essent
884 1484 1054 1568 apudPrae·

369 1588 448 1654 sides
464 1588 598 1650 oratione
615 1585 690 1648 usuri
701 1585 771 1671 (1),
785 1607 910 1670 cumque
927 1587 1053 1650 interdi—
1088 1631 1092 1642 .

369 1695 433 1769 cit,
447 1711 485 1754 ne
503 1689 663 1752 scrutentur
679 1707 814 1769 tempora
832 1689 883 1751 vel
902 1706 1053 1754 momente

370 1814 566 1900 rapporum,
589 1790 755 1866 videlicet,
775 1811 814 1854 ne
836 1794 906 1875 quid
928 1793 1053 1864 fiderent

208 1907 212 1916 '
334 1977 336 1982 .
370 1902 428 1966 suae
445 1899 627 1985 prudentie,
649 1895 706 1958 sed
719 1897 787 1955 totis
809 1897 911 1956 animis
933 1916 970 1958 ex
988 1898 1054 1980 ipso

289 2052 291 2057 .
369 2004 544 2088 penderent.
562 1998 679 2062 Eodem
694 1998 821 2078 pertinet
832 1997 933 2076 ,prod
945 1996 1053 2076 Deus,·

371 2089 1058 2184 illeerbisarchitesius‚interminatus,nequid

370 2211 410 2272 de
432 2206 535 2272 arbore
557 2201 681 2264 scientie
700 2197 883 2284 degustarent
900 2250 910 2281 ,
930 2205 1055 2287 perinde

370 2313 451 2399 quasi
484 2309 600 2390 scientia
632 2304 776 2370 felicitatis
810 2307 846 2367 sit
879 2325 1052 2386 venenum3

369 2415 536 2504 quanquam
553 2410 658 2481 Paulus
676 2423 776 2492 aperte
794 2405 940 2470 scientiam
958 2412 1053 2476 veluti

369 2524 520 2586 inflantem
533 2518 565 2580 &
578 2511 768 2598 perniciosam
779 2510 934 2594 improbat.
947 2514 1050 2597 Quem

369 2629 454 2690 divus
467 2620 629 2696 Bernartius
642 2665 653 2696 ‚
671 2617 798 2700 opinor,
816 2613 945 2694 secutus,
958 2638 1049 2682 mon·

393 2863 433 2922 (¹)
445 2861 495 2908 Luc.
509 2861 536 2907 C·
548 2860 601 2906 ΧΗ.
