2506 3862
395 337 440 414 ’Μ
462 363 488 414 o
513 361 540 414 rt
564 361 644 418 ra.
783 351 857 440 '131‘

89 523 96 548 r
131 519 149 568 ι,
179 485 276 550 causas
291 482 437 561 reddunt,
454 485 656 570 nihilusquam
670 485 859 564 haesitantes,

179 591 302 674 perinde
325 593 405 674 quasi
427 608 534 654 naturae
554 577 650 654 rerum
670 591 859 655 architetlrici

178 691 288 756 fuerint
304 693 467 771 asecretis,
483 697 602 779 quasive
617 715 634 758 e
650 687 774 758 deorum
789 689 861 758 con·

180 796 246 866 silio
260 785 345 860 nobis
363 793 535 861 advenerint
547 793 554 858 l
568 797 657 887 Quos
675 793 791 859 interim
808 819 863 860 na-

98 880 101 895 )
180 915 266 976 tura,
284 905 350 962 cuin
366 897 420 961 suis
440 899 632 980 conjeiiuris,
651 898 805 984 magnifice
825 903 863 969 tio]

172 999 243 1066 *tletr
261 1003 340 1065 Nain
360 999 431 1064 nihil
447 1001 526 1084 apud
541 1001 606 1063 illos
623 1001 680 1065 e'lle
699 1005 861 1085 comperti,

155 1099 168 1122 '
180 1107 231 1170 vel
248 1105 319 1169 illud
336 1103 401 1168 satis
418 1111 556 1191 magnum
575 1104 616 1168 est
635 1123 863 1190 argumentum,

180 1209 263 1294 quod
280 1209 396 1296 singulis
414 1208 451 1272 de
468 1207 775 1292 rebusinexplicabilis
789 1213 865 1274 inter

179 1313 257 1396 ipsos
274 1312 315 1375 est
331 1313 507 1396 digladiatio.
526 1312 550 1374 li
566 1335 632 1376 cunt
652 1311 722 1374 nihil
742 1316 864 1378 omnino

178 1415 290 1493 sciant,
304 1435 403 1480 tamen
422 1419 521 1480 omnia
539 1412 568 1480 se
587 1417 656 1480 scire
670 1411 864 1500 profitentur;

179 1541 305 1604 eumque
328 1519 434 1604 seipsos
458 1521 619 1604 ignorent,
640 1541 737 1605 neque
755 1521 864 1586 'foliam

178 1625 357 1707 aliquoties,
381 1641 429 1684 aut
450 1623 548 1684 saxum
573 1626 694 1688 obvium
718 1625 839 1688 videant
851 1671 865 1700 ,

179 1722 232 1789 vel
249 1729 315 1808 quia
332 1725 455 1808 lippiunt
467 1725 618 1810 plerique,
633 1728 683 1791 vel
697 1732 763 1811 quia
776 1750 864 1811 pete-

181 1831 329 1912 grinantur
348 1831 457 1903 animi,
474 1845 574 1891 tamen
592 1832 672 1894 ideas
685 1839 701 1906 ,¹
716 1831 865 1894 universa·

179 1935 241 2010 lia,
263 1931 372 1996 formas
392 1927 557 2016 separatae,
576 1935 685 2016 primas
706 1936 865 2013 materias,

179 2038 376 2120 quidditates',
400 2038 578 2118 ecceitates,
601 2035 790 2100 formalitates
812 2027 866 2103 'vi-

172 2143 254 2202 'dere
273 2141 303 2201 se
323 2141 505 2220 praedicant,
524 2163 571 2202 res
593 2142 670 2205 adeo
690 2159 816 2219 tenues,
832 2159 866 2205 ut

181 2261 279 2325 neque
305 2234 467 2320 Lynceus,
489 2237 618 2318 opinor,
640 2249 732 2325 possit
754 2245 866 2328 perspi·-

182 2367 261 2408 cere.
273 2343 353 2406 Turn
365 2361 440 2404 vero
452 2341 597 2422 praecipue
607 2347 791 2426 prophanum
801 2350 866 2408 vul·

183 2470 237 2532 gus
253 2447 459 2530 aspernantur,
472 2445 587 2526 quoties
606 2447 750 2526 triquetris
768 2448 801 2510 &
817 2464 867 2511 te·

182 2554 309 2637 tragonis
332 2550 466 2623 circulis,
487 2563 575 2628 atque
592 2543 757 2626 hujusmodi
772 2549 865 2632 pittu-

183 2659 223 2719 ris
239 2655 471 2727 mathematicis,
495 2651 556 2711 aliis
575 2649 660 2732 super
676 2651 744 2714 alias
763 2655 865 2718 induc·

183 2762 245 2836 tis,
269 2760 302 2821 &
325 2761 355 2818 in
379 2753 536 2837 labyrinthi
562 2751 688 2836 speciem
715 2743 863 2837 confusis,

183 2881 326 2950 praterea
338 2859 427 2926 lteris
441 2857 523 2926 velut
538 2859 569 2923 in
582 2861 643 2924 acie
657 2859 816 2945 dispositis,
829 2888 864 2930 ao

690 2964 737 3050 iij
