2504 3866
337 251 642 342 ''Mon‘rn
817 281 867 359 43⁸
930 263 934 272 ’

146 425 151 434 ·
181 384 242 467 sem
257 405 286 466 in
300 407 567 487 compotationibus
584 401 766 470 constituunt.
776 406 867 491 Equi·

107 585 109 590 Ι
183 498 254 569 dem
272 529 308 568 an
325 511 360 569 sit
376 509 467 572 ullum
483 511 592 572 lautum
608 517 796 590 convivium,
813 514 865 575 ubi

177 613 318 676 'mulieres
326 635 386 678 non
397 615 491 695 adsint
500 663 509 691 ,
517 609 642 677 viderint
652 617 707 676 alii.
720 617 794 704 Illud
804 639 866 680 cer·

181 735 213 780 te
237 717 369 797 constat,
390 725 460 783 citra
481 719 603 782 stultitiae
622 718 863 797 condimentum,
929 745 931 752 ’

181 823 291 884 nullum
305 827 427 886 omnino
441 823 528 885 suave
547 822 614 885 elle.
628 823 718 886 Adeo
733 839 766 882 ut
777 825 799 882 si
812 824 866 884 de-

181 929 218 988 sit
232 973 241 1002 ,
257 930 306 1008 qui
320 927 368 987 seu
381 947 471 1001 vera,
487 919 535 987 seu
553 927 683 988 simulata
697 925 813 986 stultitia
824 926 866 985 ri-
886 909 889 917 ⁷

180 1027 243 1090 sum
260 1046 403 1105 moveat,
423 1029 598 1104 'yrturonolor
619 1029 680 1114 (t)
699 1033 864 1112 quempiam

151 1177 155 1182 -
180 1133 231 1194 vel
246 1133 383 1195 mercede
397 1133 572 1195 conduslum
586 1133 813 1209 accersant‚'aut
825 1137 866 1194 ri-

180 1235 307 1300 diculum
322 1230 447 1321 aliquem
461 1241 617 1320 parasitum
630 1239 803 1312 adhibeant,
814 1239 864 1320 qui

179 1341 307 1402 ridendis
322 1387 332 1416 ,
347 1343 405 1403 hoc
425 1341 487 1417 est,
507 1341 597 1402 stultis
614 1341 758 1417 disieriis‚
775 1341 864 1404 silen-

180 1449 253 1508 tium
270 1468 304 1508 ac
318 1445 458 1508 tristitiam
475 1449 703 1528 compotationis
722 1445 862 1508 discutiat.

180 1541 330 1632 Quorsum
346 1553 426 1616 enim
442 1549 584 1630 attinebat
595 1565 641 1612 tot
656 1549 801 1626 bellariis,
815 1568 863 1624 tot

181 1653 323 1729 lautitiis,
344 1671 389 1717 tot
410 1655 540 1737 cupediis
567 1675 691 1717 onerare
707 1672 863 1730 ventrem,

181 1757 236 1821 nisi
255 1759 286 1818 &
306 1759 384 1818 oculi
402 1763 509 1840 pariter
530 1761 562 1820 dt
584 1781 689 1834 aures,
708 1761 763 1819 nisi
782 1775 862 1820 totus

181 1847 319 1938 animus,
342 1861 415 1938 risu,
435 1859 538 1944 jocis,
559 1863 706 1946 leporibus
726 1861 862 1945 pascere·-

180 1980 225 2028 tur
240 1967 252 2030 ἓ
266 1967 309 2030 At
328 1966 485 2030 istiusmodi
502 1985 694 2053 tragematum
716 1966 781 2052 (2)
804 1987 862 2051 ego

178 2057 240 2135 sum
255 2073 440 2135 'architesirix
457 2073 551 2136 unica.
569 2073 746 2158 Quanquam
762 2073 810 2134 illa
823 2075 863 2154 ip·

180 2174 298 2254 sa‚·jam
308 2179 337 2233 in
351 2179 493 2235 conviviis
504 2177 631 2239 solennia
641 2225 649 2254 ,
659 2199 760 2261 regem
771 2179 862 2239 sortiri

183 2278 270 2352 talis,
288 2278 403 2338 lusitare
421 2275 548 2350 tesseris,
565 2279 726 2357 philotesiis
742 2279 802 2363 (3)
818 2283 864 2340 in·

182 2385 273 2445 Vitare
283 2428 294 2457 ,
303 2399 414 2444 certare
430 2389 635 2462 συμπεςιφοςαῖς
650 2380 716 2462 (4),
733 2383 769 2442 ad
783 2405 865 2464 myr-

190 2604 246 2654 .(t)
259 2604 344 2646 natura
356 2605 446 2647 rnorem
457 2578 617 2652 (excitatorem.

207 2676 246 2727 (2)
260 2676 405 2722 Bellunum,
420 2678 453 2717 seu
465 2675 554 2716 secundat
566 2674 637 2714 mensae
648 2674 765 2721 delitiarum.

207 2746 247 2799 (3)
259 2744 368 2798 Propinare
381 2751 479 2788 vicitslm.

182 2819 246 2874 ‘(4)
259 2817 448 2863 circumbombat
461 2819 706 2874 poculoruntuorbm.
777 2857 779 2861 .
843 2861 847 2872 ,
