2506 3862
286 371 332 389 ‚¹
399 323 449 396 94
576 293 900 370 Eucoruturr

397 443 508 514 edant,
523 432 652 519 supersit.
670 441 754 524 Quid
770 455 833 504 tum
850 439 974 524 postea?
992 440 1076 503 inte:

395 549 450 606 rim
468 567 560 607 annos
582 539 693 630 aliquot
712 547 822 608 summa
839 567 905 606 cum
919 546 1074 628 voluptate
1096 537 1098 541 ’

394 639 582 733 peregerunt.
597 649 649 712 Ad
664 671 737 732 quos
753 649 823 710 milri
838 648 957 733 quidem
973 651 1074 730 proui-

341 812 343 816 ,
394 769 444 816 me
461 755 596 818 videntur
615 754 775 828 accedere,
794 754 844 836 qui
864 753 950 815 novis
971 752 1004 812 &
1022 773 1074 818 ar·-

392 862 473 920 canis
489 859 620 936 artibus,
637 869 735 920 rerum
751 857 860 941 species
871 863 987 919 vertere
1004 875 1073 914 mo·

379 963 520 1038 liuntur,
538 985 572 1024 ac
591 979 667 1026 terra
684 965 814 1045 marique
830 962 962 1044 quintam
981 980 1075 1042 quan-

392 1065 462 1127 dam
480 1065 628 1128 essentiam
645 1081 796 1126 venantur.
813 1065 879 1126 Hos
894 1065 970 1125 adeo
987 1063 1073 1125 lassat

391 1169 502 1231 mellita
520 1167 611 1249 spes,
630 1182 662 1228 ut
681 1187 776 1250 neque
794 1167 954 1240 laborum,
973 1186 1071 1248 neque

390 1269 582 1353 impensarum
599 1290 725 1352 unquam
741 1272 858 1353 pigeat,
873 1272 1007 1352 miroque
1022 1269 1071 1330 in·-'

389 1377 481 1458 genio
492 1374 606 1457 semper
620 1375 728 1456 aliquid
741 1377 926 1458 excogitent,
938 1383 998 1457 quo
1009 1372 1070 1436 sese

390 1467 622 1550 denualdum,
632 1478 742 1557 sibique
755 1479 824 1557 ipsis
837 1493 949 1558 gratam
962 1465 1070 1542 'faciant'

388 1579 600 1665 imposturam,
620 1579 717 1642 donec
734 1577 890 1662 absumptis
910 1578 1072 1656 omnibns

389 1695 452 1748 non'
477 1671 514 1746 ‘sit
540 1705 600 1768 quo
627 1682 688 1768 jam
715 1682 895 1754 somaculam
922 1683 1072 1748 instruant.¹

389 1789 463 1853 Non
489 1789 624 1853 desinunt
648 1799 748 1852 'tamen
767 1773 898 1872 ¹jucunda
925 1788 1072 1852 somniare

388 1896 522 1970 somnia,
542 1912 662 1957 caeteros
680 1886 738 1974 pto
757 1893 864 1954 viribus
884 1893 922 1952 ad
942 1893 1068 1954 eandem

387 1987 557 2059 felicitatem
573 1999 742 2055 animantes.
759 1991 894 2070 Cumque
908 1989 968 2070 jam
982 2011 1070 2074 pror·

389 2097 434 2160 sus
446 2096 527 2156 omni
541 2094 591 2175 spe
606 2092 816 2165 destituuntur,
831 2091 956 2176 superest
968 2111 1070 2158 tamen

376 2221 447 2262 una
461 2196 622 2268 sententia,
635 2194 750 2258 abunde
766 2216 904 2280 magnum
916 2196 1069 2276 solatium,'

387 2308 424 2367 sn
440 2302 545 2387 magnis
561 2286 781 2382 u‘voluiffefiu
797 2302 840 2382 est.
856 2299 903 2362 Ac
918 2288 981 2362 tum
993 2291 1068 2365 'vitae

387 2409 564 2473 brevitatem
580 2403 731 2479 incusant,
745 2416 778 2464 ut
795 2423 860 2485 quae
878 2405 1069 2486 magnitudini

388 2513 499 2597 negotii
517 2534 579 2574 non
598 2501 750 2574 suffecerit
835 2493 837 2498 ⁵

393 2639 395 2644 ·
428 2617 567 2678 Pontto
584 2605 745 2675 ‘Aleatores
771 2613 904 2675 nonnihil
925 2615 1068 2681 addubito

387 2722 499 2780 nomin
509 2717 637 2779 nostmm
648 2715 804 2799 collegium
815 2719 872 2779 sint
884 2719 1066 2784 admittendi.

389 2821 448 2886 Sed
465 2835 563 2892 tamen
582 2803 701 2884 uturum
717 2823 840 2887 omnino
859 2823 1069 2904 ridiculumque
