2506 3862
314 315 317 324 '
371 315 439 391 n8
538 324 872 426 Enconrun

363 475 479 540 captant
495 484 517 536 ‚‘
535 483 595 529 arte
626 469 810 536 deluduntura
834 472 885 534 Est
911 474 1040 536 omnium

361 561 556 630 stultissimum
573 593 607 635 ae
624 573 847 638 sordidissimum
866 575 1043 662 Negotiato-

361 687 425 728 rum
442 691 552 754 genus,
567 682 676 760 quippe
691 683 816 762 quirem
832 683 962 743 omnium
978 683 1041 744 sor-

360 769 538 840 didistimam
559 781 705 857 tradent,
733 783 821 866 idque
841 770 1039 846 sordidissimis

358 878 540 956 rationibus;
557 886 605 966 qui
629 907 695 947 cum
715 890 822 969 passim
843 891 1040 964 mentiantur,

359 979 515 1064 peJerent,
533 985 682 1066 furentur,
700 990 853 1069 fraudent,
867 993 1040 1077 imponant,

358 1101 458 1150 tamen
468 1093 597 1152 omnium
612 1097 721 1172 primos
732 1093 791 1156 sese
804 1096 931 1170 faciunt,
946 1119 1039 1182 prop·

356 1177 437 1251 ‘terea
458 1191 538 1274 quod
559 1192 663 1277 digitos
680 1196 806 1260 habeant
829 1220 904 1280 auro
920 1203 1039 1262 revinc-

356 1297 414 1354 ¹tos.
426 1292 490 1356 Nec
506 1295 606 1358 desum
622 1298 787 1365 adulatores
801 1301 976 1381 Fraterculi,
988 1309 1038 1390 qui

355 1399 494 1458 mirentur
512 1399 599 1475 istos,
616 1423 649 1463 ae
666 1407 849 1469 venerabiles
866 1410 964 1490 palam
979 1433 1039 1494 ap·
1119 1405 1126 1414 ’

299 1527 304 1541 ’
353 1499 465 1582 pellent
475 1505 638 1576 ,nimirum
653 1524 685 1566 ut
702 1507 739 1567 ad
753 1501 829 1588 ipsos
844 1509 939 1590 aliqua
957 1511 1037 1598 male

353 1603 503 1685 'partorum
516 1609 698 1690 portiuncula
713 1609 825 1673 redeat.
839 1609 919 1674 Alibi
933 1613 1035 1677 videas

352 1705 565 1794 Pythagoricos
578 1711 847 1798 quosdam,quibus
858 1716 946 1802 usque
958 1719 1036 1782 adeo
1068 1731 1070 1737 ’
1241 1731 1242 1790 l

353 1818 454 1877 omnia
470 1817 607 1880 videntur
628 1817 685 1882 elle
703 1823 888 1898 communia,
904 1841 936 1884 ut
954 1827 1036 1906 quic-
1241 1837 1242 1922 l

280 1954 284 1967 x
353 1919 423 2000 quid
444 1921 562 2002 usquam
583 1923 787 1982 incustoditum
811 1925 885 1984 narii
904 1925 1035 2003 fuerim,
1241 1947 1242 2034 p

263 2089 267 2096 p
351 2021 402 2096 ld,
415 2023 675 2083 velutlraereditate
688 2022 860 2103 obvenerit,
872 2045 958 2108 aequo
972 2031 1036 2087 ani·
1241 2087 1242 2120 ,

228 2158 233 2174 ·
263 2142 264 2148 ¹
351 2137 403 2186 mo
419 2122 537 2184 tollam.
552 2121 629 2184 ¹Sunt
642 2124 692 2206 qui
704 2125 782 2185 votis
795 2141 908 2188 tantum
927 2127 1033 2194 divites

349 2227 430 2302 sunt,
442 2225 612 2310 &jucunda
624 2227 757 2312 quaedam
768 2230 822 2293 sibi
833 2229 1032 2318 lingunt'som·

348 2307 416 2406 uia,
428 2331 517 2416 idque
527 2332 568 2393 ad
579 2330 750 2414 ¹felicitatem
764 2333 827 2396 satis
843 2335 900 2398 elle
912 2356 1031 2420 putant.

348 2433 490 2500 Nonnulli
500 2435 571 2500 'foris
586 2439 690 2501 divites
702 2438 801 2502 haberi
814 2440 960 2523 gaudent,
973 2446 1030 2508 do-

347 2542 389 2600 tni
401 2544 533 2624 gnaviter
546 2543 679 2605 esuriunt.
694 2543 752 2604 Hic
765 2542 878 2612 festinat
893 2551 1029 2634 quicquid

294 2665 296 2668 ·
345 2641 434 2711 hahet
452 2645 654 2726 profundere3
677 2643 726 2710 ille
750 2669 810 2732 per·
824 2649 867 2713 fas
890 2653 1028 2740 nefasque

347 2749 491 2828 congerit.
509 2749 566 2809 Hic
580 2749 747 2812 candidatus
764 2753 854 2818 ambit
868 2761 1026 2842 populares

316 2928 319 2936 Ι
345 2849 473 2918 honores
489 2871 501 2926 3
518 2849 568 2913 ille
589 2851 627 2917 ad
653 2853 759 2920 focum,
776 2857 867 2924 semet
888 2863 1024 2930 ebreum.
