2524 3850
332 339 337 346 -
388 308 462 391 '¹72
562 301 886 374 Eucomruru

343 465 345 470 ’
385 438 498 500 Verum
514 438 572 502 hoc
588 443 707 524 quidem
725 443 923 508 sacerdotibus
940 439 981 504 est
998 451 1065 503 cum

382 542 539 622 prophanis
559 567 739 622 commune,
763 565 795 610 ut
816 546 854 608 ad
872 547 1064 608 emolumenti

381 643 501 708 mellern
518 649 639 731 vigilent
655 653 779 724 omnes,
798 657 896 733 'neque
915 648 1064 732 quisquam
1094 668 1098 677 ’

366 745 422 809 'ibi
443 751 524 834 leges
543 755 666 836 ignoret.
687 752 835 820 Caeterum
855 757 878 814 ri
894 753 964 836 quid
980 753 1068 816 sarci÷

381 875 448 928 πω,
461 856 493 916 id
509 857 666 938 prudenter
680 861 711 920 in
730 859 839 922 alienos
856 859 996 920 humeros
1010 854 1065 935 oji-

217 946 222 956 ’
302 969 334 989 “·
382 960 530 1034 ciunr,&
546 963 606 1024 aliis
620 963 667 1024 alii
681 980 819 1046 tanquam
836 964 925 1046 pilam
937 980 990 1044 per
1002 981 1069 1020 ma·

382 1083 438 1124 trus
453 1064 578 1126 tradunt.
595 1065 745 1146 Siquidem
762 1067 840 1128 Laici
853 1085 971 1147 quoque
985 1062 1069 1124 Prin·

383 1170 492 1248 cipes,
519 1169 772 1249 quemadmodum
797 1185 894 1249 partes
925 1167 1068 1228 adminis-

379 1271 482 1332 mandi
494 1273 576 1354 regni
590 1274 703 1335 vicariis
721 1272 878 1356 delegant,
894 1269 928 1332 dc
943 1269 1067 1332 vicarius

385 1375 458 1434 item
482 1377 591 1438 vicario
616 1377 726 1450 tradit,
748 1380 788 1438 ita
810 1378 925 1459 pietatis
946 1373 1070 1438 studium

380 1495 471 1536 omne
487 1476 592 1553 plebi,
608 1477 758 1538 modestior
771 1478 874 1550 causs,
890 1478 1070 1556 relinquunt.

381 1577 469 1640 Plebs
489 1579 593 1638 ineos
615 1574 709 1657 rejicit
722 1595 735 1653 ,·
750 1599 824 1660 quos
850 1574 1069 1641 Ecclesiasticus

383 1698 511 1770 vocam,
525 1679 646 1762 perinde
665 1681 747 1764 quasi
766 1682 835 1762 ipsis
854 1701 921 1748 cum
938 1679 1070 1744 Ecclesia
1244 1695 1258 1738 l

381 1785 594 1846 nihilomnino
617 1786 654 1848 sir
673 1785 869 1861 commercii,
892 1787 972 1867 quasi
992 1785 1070 1866 bap·

379 1889 457 1952 tismi
475 1890 552 1951 votis
573 1886 642 1948 nihil
664 1887 778 1968 prorsus
798 1889 836 1949 sit
857 1887 964 1950 atium.
988 1888 1068 1948 Rur-

380 1971 440 2056 nim
463 1991 628 2054 sacerdotes
655 1991 704 2073 qui
730 1990 788 2052 sese
814 2005 922 2052 vocam
944 1992 1094 2054 δαείην

380 2120 441 2170 res,
455 2097 536 2176 quusi
549 2094 660 2156 mundo
675 2093 795 2167 initiati,
809 2113 871 2153 non
886 2089 1021 2168 Christo,
1033 2093 1066 2156 itt

381 2197 543 2280 Regulares
558 2187 633 2260 onus'
650 2198 709 2260 hoc
728 2197 892 2260 devolvunt
905 2228 922 2274 ‚¹
935 2197 1067 2282 Regula·

383 2322 430 2363 res
453 2304 483 2362 in
504 2301 697 2376 Monachos‚
719 2301 861 2362 Monachi
885 2301 1010 2360 laxiores
1033 2305 1065 2361 iu
1204 2345 1211 2358 .

257 2405 258 2408 ’
385 2408 544 2482 utiliores,
565 2427 667 2468 omnes
689 2403 773 2465 simul
791 2403 821 2461 in
840 2399 1066 2477 Mendicantes‚
1151 2386 1155 2397 ¹

384 2511 591 2572 Mendicantes
625 2511 655 2572 in
690 2501 908 2574 Cirthuslensfls
934 2549 948 2578 ,
969 2505 1063 2587 ¹apud

380 2634 455 2692 quos
476 2613 553 2674 solos
573 2608 681 2690 sepulta
702 2607 773 2668 latet
793 2608 907 2688 pietas,
926 2607 960 2670 &
983 2610 1061 2676 adeo

382 2717 451 2782 luet
467 2735 498 2780 ut
513 2718 564 2776 vix
578 2731 703 2796 unquam
720 2709 810 2775 liceat
821 2712 999 2794 conspicere.
1014 2713 1066 2781 lti-

378 2821 447 2882 dcm
463 2813 639 2892 Pontifices,
659 2818 692 2878 in
708 2813 796 2880 melle
809 2819 974 2902 pecuniaria
993 2817 1063 2890 dili:
