2524 3850
297 415 299 420 ι
393 325 534 393 Mon
563 341 639 395 tn.
789 327 855 423 153

178 463 286 548 gismos
303 459 451 546 majores,
469 469 617 539 minores,
635 466 858 542 conclusiones,

177 569 350 647 corollaria,
365 563 578 654 suppositiones
591 614 601 646 ,
613 569 808 652 frigidissimas
823 595 858 634 ac

179 672 328 756 plusquam
345 673 523 738 scholasticas
541 695 653 758 nugas,
669 673 746 755 apud
762 677 860 757 impe·-

148 853 152 861 ,
178 778 265 838 ritum
277 778 381 862 vulgus
394 777 533 860 jallitant.
549 776 684 860 Superest
700 775 760 857 jam
775 781 860 858 quin·

178 896 224 942 rus
237 873 316 944 adius
324 927 335 958 ,
348 885 377 942 in
394 903 454 964 quo
468 881 608 968 summurn
623 879 761 942 artificem
774 901 862 961 praes-

177 1000 241 1046 tare
261 988 412 1048 convenit.
433 975 490 1046 Hic
509 985 579 1047 mihi
600 984 715 1046 stultam
735 985 861 1067 aliquam

175 1089 213 1149 ἃ
231 1087 379 1151 indultam
398 1089 548 1166 fabulam,
568 1109 605 1152 ex
629 1091 770 1172 Speculo,
783 1081 863 1170 'opi-

175 1213 258 1269 nor,
275 1196 437 1277 Iststorioli3
451 1212 500 1257 aut
518 1192 615 1257 Gestis
635 1193 860 1267 Rornanorum,

176 1297 208 1356 in
222 1296 353 1358 medium
366 1297 518 1373 adferunt,
532 1299 565 1359 &
581 1297 707 1359 eandem
720 1301 863 1379 interpre-

175 1414 275 1462 tantur
290 1399 468 1485 allegorice,
482 1402 686 1487 tropologice,
701 1403 734 1464 &
750 1423 862 1488 anago-

174 1507 254 1588 gice.
265 1469 365 1590 sitque
378 1507 505 1570 adhunc
519 1507 638 1591 quidem
651 1507 775 1570 modum
789 1506 864 1569 Chi·

177 1630 297 1670 maeram
310 1610 390 1670 suam
406 1611 559 1672 absolvunt
570 1655 580 1684 ‚
591 1612 708 1691 qualem
724 1631 781 1670 nec
796 1611 865 1674 Ho-

176 1711 266 1772 ratius
281 1730 408 1791 unquam
422 1709 527 1792 assequi
541 1715 660 1793 potuit,
675 1733 743 1772 curn
758 1711 865 1774 scrrlre·

178 1831 224 1876 ret
242 1833 250 1870 r
270 1815 403 1873 Humano
421 1815 532 1895 capiti,
553 1813 613 1873 &u
634 1811 695 1874 Sed
713 1814 865 1876 audierunt

177 1941 197 1982 a
214 1915 311 1980 nescio
333 1916 458 2002 quibus,
476 1915 632 2002 ingressum
656 1919 796 1979 orationis
817 1917 866 1980 se·

177 2024 301 2099 datum,
317 2024 497 2107 minimeque
512 2021 674 2084 clamosum
695 2020 753 2084 eise
772 2043 866 2105 opor-

57 2201 62 2213 ,
177 2144 253 2220 tere.
269 2127 371 2207 Itaque
389 2130 532 2210 principio
549 2129 589 2188 sic
608 2127 817 2204 exordiuntur,
832 2141 865 2188 ut

177 2251 235 2295 nec
246 2232 300 2311 ipsi
310 2249 420 2292 vocem
432 2232 581 2311 propriam
595 2233 749 2293 exaudiant
759 2276 771 2304 ,
784 2235 865 2315 quasi

178 2335 287 2399 reserat
308 2334 387 2410 dici„
408 2335 491 2417 quod
512 2333 606 2394 nullus
627 2337 779 2419 intelligat.
799 2337 868 2396 Au-

178 2441 296 2504 dierunt
307 2457 556 2523 ‚nonnunquam,
571 2437 609 2498 ad
619 2439 807 2500 concitandos
823 2439 869 2500 as-

181 2545 302 2621 sessus,
327 2533 584 2616 exclanrationibus
612 2541 752 2605 utendum
780 2541 863 2604 esset

180 2649 305 2734 proinde
323 2647 415 2731 presse
434 2649 542 2730 alioqui
558 2646 732 2730 loquentes,
745 2646 864 2710 subinde
892 2699 899 2714 .

181 2770 305 2836 repente
319 2770 427 2815 vocem
441 2751 548 2814 tollunt
560 2799 570 2827 ,
581 2749 687 2815 furioso
701 2752 788 2835 plane
806 2754 866 2815 cla-

183 2879 289 2938 more,
305 2854 397 2922 etiarn
410 2877 477 2920 cum
495 2855 565 2922 nihil
584 2878 670 2941 opus.
687 2857 770 2922 sures
790 2858 865 2920 elle·
