2452 4386
442 243 758 352 ‘'Monra.
907 275 975 374 10'7

292 416 443 482 videntur.
468 411 646 504 Quanquam
668 417 710 484 est
731 421 851 484 omnino
875 423 978 505 perni-

293 521 371 584 ciosa
383 522 516 606 quaedam
529 524 657 588 adulatio
669 571 680 600 ,
696 545 753 609 qua
765 526 896 588 nonnulli
908 547 978 610 per·

278 623 391 688 ,fidiosi
409 628 441 689 δι
460 628 611 706 irrisores,
631 628 750 718 miseros
771 631 801 691 in
816 631 976 712 perniciem

294 729 423 816 adigunt.
443 733 557 797 Verum
572 735 634 797 haec
646 755 714 798 mea
727 779 739 808 ,
755 733 792 795 ab
806 733 914 816 ingenii
925 734 979 795 be·

292 837 456 920 nignitate,
474 839 661 920 candoreque
675 839 804 920 quodam
821 833 978 919 proficisci·

292 952 363 1013 tur,
382 940 533 1023 multoque
549 941 788 1006 virtuti'vicinior
806 938 870 1015 est,
890 959 978 1022 quam

293 1060 331 1104 ea
345 1063 410 1125 quae
423 1043 488 1104 huic
502 1047 681 1127 opponitur,
694 1044 849 1126 asperitas,
862 1063 898 1104 ac
909 1063 979 1104 mo·

276 1149 400 1208 ‘tositas
416 1148 612 1224 inconcinna,
631 1166 663 1210 ut
679 1149 719 1210 ait
734 1147 895 1232 Horatius,
909 1165 979 1230 gra-

292 1249 403 1333 visque.
425 1251 498 1313 Haec
525 1249 699 1333 dejeciiores
726 1243 852 1313 animos
866 1251 978 1333 erigit,

290 1353 440 1416 demulcet
466 1351 584 1428 tristes,
606 1353 758 1418 exiimulat
783 1353 980 1438 languentes,

291 1457 492 1543 expergefacit
507 1457 658 1542 stupidos,
678 1475 804 1543 aegrotos
817 1458 918 1536 levat,
931 1455 979 1522 fe·

288 1579 380 1626 doces
397 1562 513 1637 mollit,
534 1583 649 1624 amores
667 1564 824 1637 conciliat,
839 1561 980 1624 concilia·

291 1677 344 1724 toa
361 1665 476 1724 retinet.
495 1661 652 1726 Pueritiam
668 1663 707 1723 ad
725 1662 903 1744 capescenda
918 1661 983 1724 sla·

294 1765 345 1828 dia
358 1763 607 1826 literarumallicit
617 1749 722 1839 ,senes
737 1763 894 1838 exhilarat,
904 1767 984 1845 prin'·

295 1871 378 1954 cipes
393 1869 464 1930 citra
483 1863 641 1943 offensam,
657 1865 708 1928 sub
726 1867 852 1950 imagine
865 1865 981 1944 laudis,

294 1974 331 2040 δι
352 1971 493 2036 admonet
520 1970 555 2033 de
575 1969 687 2033 doeen'
704 1967 740 2032 In
761 1969 895 2047 suntuna,
913 1969 984 2032 facit

293 2062 464 2161 utquisque
484 2075 537 2136 sibi
553 2073 612 2158 ipse
625 2075 667 2138 sit
685 2072 840 2157 jucundior
859 2076 893 2138 δι
911 2076 983 2138 cha-

293 2181 379 2253 rior,
397 2200 462 2262 quae
483 2177 603 2260 quidem
624 2177 764 2241 felicitatis
785 2202 851 2263 pars
868 2179 912 2243 est
928 2181 981 2244 vel

294 2286 453 2369 precipua.
473 2279 557 2363 Quid
579 2296 678 2343 autem
697 2281 876 2360 officiosius,
892 2305 982 2367 quam

296 2409 368 2450 cum
385 2403 516 2449 mutuum
533 2384 604 2447 muli
619 2382 760 2446 scabunt?
773 2385 817 2447 Ut
832 2406 871 2448 ne
886 2387 983 2451 dicam

297 2492 414 2554 interim
435 2490 510 2552 hanc
529 2487 586 2553 esse
606 2509 741 2573 magnam
763 2490 837 2552 illius
859 2490 983 2555 laudate

300 2596 474 2679 eloquentia
492 2611 630 2678 partem,
647 2591 791 2676 majorem
810 2595 982 2673 medicina,

297 2701 458 2765 maximam
469 2700 594 2781 poetica
604 2741 616 2772 ,
628 2697 754 2780 denique
763 2696 820 2762 esse
831 2703 919 2763 totius
929 2701 984 2764 hu·

267 2837 270 2850 ν
298 2800 618 2872 meaeconsuetudinis
629 2802 693 2872 mel
706 2803 982 2876 &condimntum
