2506 3862
403 299 657 376 Monta.
793 272 911 397 115⁸

179 443 248 528 ipsis
265 443 434 506 adorantur.
452 443 546 506 Nobis
560 447 676 506 interim
690 442 741 506 usu
756 447 838 508 venit
853 489 864 520 ,

180 550 262 634 quod
281 549 353 612 solet
373 553 431 623 iis,
450 552 499 633 qui
517 572 535 610 a
552 551 665 614 vicariis
685 549 739 610 suis
760 565 860 620 extru-

181 653 295 732 duntur.
308 653 383 714 Mihi
392 671 438 716 tot
450 652 555 716 statuas
566 652 674 716 eredas
686 669 758 734 puto
769 670 861 736 ,quot

179 756 242 826 sunt
256 759 416 834 mortales,
432 763 533 821 vivam
552 759 612 820 mei
628 759 784 840 imaginem
801 779 861 838 pta

179 862 209 924 se
227 861 379 938 ferentes,
398 864 487 923 etiam
508 864 532 922 si
552 861 655 923 nolint.
673 859 774 942 Itaque
793 856 862 922 nihil

180 964 317 1050 estquod
332 965 449 1048 reliquis
463 963 528 1026 Diis
542 965 710 1039 invideam,
723 965 747 1024 si
760 963 820 1024 aliis
832 966 862 1026 in

180 1069 291 1152 angulis
305 1085 446 1130 tetrarum
459 1069 506 1130 alii
520 1069 653 1130 colantur
664 1113 674 1144 ,
687 1067 774 1151 idque
785 1067 864 1130 statis
936 1079 938 1086 ’

61 1184 65 1192 ’
181 1173 303 1236 diebus:
321 1172 572 1257 quemadmodum
598 1171 697 1236 Rhodi
720 1173 866 1250 Phaebus,

179 1277 210 1339 in
230 1277 338 1360 Cypro
360 1275 487 1354 Venus,
508 1278 594 1362 Argis
616 1279 716 1355 iuno,
737 1278 862 1340 Athenis

180 1382 345 1459 Minerva,
366 1383 397 1444 in
421 1381 559 1463 Olympo
584 1381 718 1464 Jupiter,
740 1381 870 1446 Tarenti·

178 1483 354 1568 Neptunus,
366 1485 514 1566 Lampsaci
528 1484 668 1567 Priapus,
683 1487 775 1549 modo
790 1488 863 1550 mihi

177 1591 373 1652 communiter
395 1588 474 1650 orbis
498 1591 594 1650 omnis
617 1588 707 1673 longe
729 1594 861 1672 potiores

178 1694 308 1758 vidimas
328 1692 442 1756 assidue
460 1693 600 1775 praebeat.

220 1894 385 1960 XLVIII.
405 1895 591 1974 AaQulsl
611 1899 862 1966 cnvideorshaee
983 1935 986 1946 ‚
1100 1962 1104 1971 .

178 2005 312 2068 audacius
323 2025 410 2087 quam
421 2007 518 2068 vetius
529 2005 781 2091 dicepe,agedum
791 2027 864 2090 pau·
935 2007 937 2010 ’

176 2111 262 2192 lisper
270 2109 342 2190 ipsas
350 2111 503 2172 hominum
513 2113 588 2180 vitae
596 2109 791 2194 inspiciamus,
800 2133 870 2195 quo·
885 2162 887 2173 .

178 2213 277 2296 palam
292 2210 362 2284 fiat,
380 2211 411 2270 &
427 2230 566 2292 quantum
580 2217 650 2276 milti
665 2217 812 2294 debeant,
827 2219 862 2281 δι

179 2316 281 2400 quanti
296 2333 344 2376 me
360 2308 468 2374 faciant
483 2317 601 2376 maxim
614 2321 720 2397 pariter
731 2341 765 2380 ac
778 2322 864 2380 mini·

120 2479 123 2486 ,
179 2423 230 2484 mi.
248 2420 290 2481 At
306 2441 366 2480 non
384 2414 581 2502 quorumlibet
596 2419 685 2479 vitam
699 2420 870 2482 recensebis

180 2545 267 2597 mus,
286 2544 355 2584 nam
371 2523 404 2585 id
419 2521 537 2604 quidem
550 2519 744 2602 perlongum,
757 2543 862 2587 vetunt

177 2628 332 2710 insignium
344 2643 478 2701 tantum,
493 2623 572 2688 unde
588 2624 714 2708 reliquos
729 2609 814 2692 facile
826 2633 861 2694 sit

180 2730 331 2793 estimare.
356 2728 439 2810 Quid
462 2731 540 2790 enim
562 2729 664 2792 attinet
686 2731 724 2794 de
746 2734 860 2821 vulgo,

163 2832 391 2922 'plebeculaque
414 2852 672 2912 commemorate,
699 2858 762 2920 quae
789 2843 861 2904 citra

690 2941 720 3002 H
738 2942 757 3027 ij
