2524 3850
455 253 523 326 iao
623 241 944 327 Eueonltu'nt

445 394 611 456 licitudinis'
628 385 786 459 oboriatur.
812 396 851 459 Se
874 397 967 478 probe
990 394 1130 479 Principis

445 514 545 578 partes
562 519 666 562 omnes
679 500 808 583 implelle
821 502 963 575 credunt,
977 504 1000 562 si
1012 491 1129 564 venen·¹

444 613 495 660 tur
505 603 618 665 assidue
630 649 640 678 ‚
650 607 673 663 si
686 604 780 664 bellos
794 605 870 665 alant
882 605 1029 679 caballos,
1041 609 1067 666 si
1076 604 1126 666 suo

445 699 609 768 commodo
620 707 803 769 vendiderint
817 706 993 790 magistratus
1006 729 1040 769 ac
1053 731 1125 790 prac-

444 807 585 884 fedluras,
601 813 625 869 si
641 809 770 892 quotidie
787 831 873 872 novae
891 813 1017 871 rationes
1035 831 1126 874 exco-

442 918 585 998 gitentur,
597 916 699 999 quibus
715 917 822 978 civium
838 935 911 998 opes
926 929 1074 976 attenuent
1089 915 1124 975 δε

442 1023 473 1081 in
488 1009 569 1082 luum
584 1037 755 1082 convertant
768 1018 890 1094 fiscum,
907 1039 1010 1081 verum
1024 1018 1054 1078 id
1071 1037 1124 1099 apt·

433 1126 540 1205 'posite
557 1125 679 1203 repertis
692 1121 801 1195 titulis,
818 1137 871 1195 ut,
888 1122 999 1182 etiamsi
1016 1125 1052 1182 sit
1067 1125 1125 1182 ini·

441 1226 630 1308 quissimum,
643 1223 767 1308 aliquam
785 1242 883 1286 tamen
898 1227 1037 1306 aequitatis
1055 1224 1123 1306 spe-

430 1332 516 1390 ·ciem
538 1351 598 1410 prae
622 1330 652 1391 se
678 1329 763 1391 ferat.
788 1327 912 1390 Addunt
937 1330 1004 1391 data
1029 1344 1121 1410 opert

438 1424 570 1490 nonnihil
585 1431 777 1502 adulationis,
797 1449 856 1509 quo
877 1429 1032 1510 populares
1052 1433 1119 1491 ani·

429 1543 506 1594 ‘mos
521 1547 666 1613 utcunque
679 1532 733 1591 sibi
747 1530 923 1593 devinciant.
935 1531 1053 1613 Fingite·
1062 1536 1119 1592 mi-

438 1637 469 1698 hi
490 1647 589 1712 nunc,
605 1637 704 1719 quales
721 1635 784 1696 sunt
804 1653 1013 1718 nonnunquam
1027 1682 1038 1711 ‚
1057 1635 1129 1698 ho-¹

437 1747 548 1805 minem
564 1743 662 1826 legum
676 1741 1019 1826 ignarumspublicorum
1034 1763 1119 1809 com·¹

426 1849 595 1910 'modorum
621 1865 698 1926 pene
717 1837 857 1918 bostem,
881 1849 998 1924 privatis
1020 1850 1118 1908 interr·-

436 1967 499 2010 tum
517 1947 790 2016 commoditatibus,
809 1944 954 2003 additium
976 1949 1118 2029 volupta'·¹
1150 1986 1153 1992 ·

424 2049 509 2110 tibris
520 2069 537 2120 ,·
548 2039 663 2107 osorem
682 2046 872 2120 eruditionis,
893 2045 1009 2108 osorem
1022 2049 1116 2112 liber-

434 2152 501 2212 tatis
522 2170 554 2210 ac
573 2149 658 2224 veri,
675 2147 744 2208 nihil
764 2151 858 2210 minus
878 2172 965 2234 quam
983 2154 1020 2219 de
1041 2155 1116 2218 Κεὶς

435 2256 558 2339 publicae
573 2253 659 2314 salute
668 2233 875 2335 cogitantem,
889 2253 938 2315 sed
954 2261 1052 2318 omnia
1066 2260 1114 2322 sua

430 2360 576 2434 libidine,
598 2357 705 2440 suisque
732 2355 899 2416 utilitatibus
928 2360 1114 2424 metientem.

433 2466 554 2527 Deinde
568 2464 665 2526 addite
676 2462 740 2521 huic
750 2473 885 2539 torquem
898 2481 1033 2539 auream,
1046 2469 1128 2534 ‘oms

431 2574 512 2630 nium
525 2571 661 2628 virtutum
675 2565 877 2624 colraerentium
889 2567 1055 2629 consensum
1068 2575 1112 2633 in·

432 2673 596 2746 dicantem3
615 2689 677 2732 tum
694 2687 835 2727 coronam
854 2673 975 2751 gemmis
992 2676 1111 2756 insigni·

431 2791 509 2850 tam,
520 2795 583 2856 quae
596 2774 714 2856 quidem
731 2772 888 2837 admoneat
902 2777 1110 2860 eum-heroicis

973 2881 1109 2947 omnibus
