2506 3862
877 8 911 122 ,Γ
977 10 1167 92 Π,

288 274 292 277 ·
407 279 474 352 nr
576 261 902 344 Eueomrvm

400 422 457 486 que
473 404 602 486 gentium
622 425 692 467 eum
708 407 816 470 culnun
834 404 1017 489 persolvant,
1030 403 1083 486 qui

398 505 483 568 vela
502 503 668 594 Theologis
692 501 816 572 maxime
842 511 961 592 probari
980 489 1081 570 solet?

398 598 462 670 Nisi
474 609 552 675 sorte
568 603 673 675 Dianae
690 613 814 682 deheam
828 613 961 675 invidere
973 658 983 686 ,
997 609 1082 696 quod

397 713 438 806 illi
453 715 582 779 humano
598 715 733 800 sanguine
749 715 855 778 litatur.
870 713 935 798 Ego
952 735 1001 778 me
1017 733 1081 776 tum

396 821 610 906 religiosissime
632 819 806 904 coliputo,
823 839 889 880 cum
905 819 1034 900 passim,
1047 835 1081 879 ut

398 923 507 989 faciunt
536 946 665 1002 ornnes,
692 927 791 988 animo
824 919 1081 1008 compleduntur,

398 1029 529 1092 moribus
554 1031 745 1112 exprimunt,
768 1031 829 1093 vita
855 1025 1081 1110 repraesentanr3

397 1135 448 1215 qui
470 1131 589 1214 quidem
612 1129 761 1192 Divorurn
786 1132 902 1204 cultus,
923 1150 978 1191 nec
1003 1128 1081 1212 apud

398 1231 576 1296 Christianos
590 1231 751 1295 admodum
764 1231 900 1316 frequens
913 1230 964 1294 est.
978 1231 1084 1314 Quan-

397 1351 428 1426 ta
445 1336 531 1398 rurba
545 1357 648 1400 eorum
658 1339 729 1419 ,qui
746 1335 885 1420 Deiparae
902 1334 1016 1422 Virgini
1034 1358 1083 1398 ce-

326 1499 329 1505 ,
398 1438 512 1498 reolum
531 1439 673 1520 affigunt,
692 1438 781 1521 idque
800 1442 829 1499 in
847 1441 991 1511 meridie,
1015 1443 1083 1502 cuni

396 1539 467 1602 nihil
484 1537 526 1602 est
545 1538 643 1621 opus?
659 1537 805 1615 Rursum,
825 1559 912 1622 quam
930 1544 1014 1622 pauci
1033 1545 1084 1624 qui

397 1644 528 1708 eandem,
540 1646 608 1707 vitae
625 1641 815 1720 castimonia,
832 1643 997 1722 modestia,
1016 1669 1083 1709 coe-

398 1747 511 1811 lestium
526 1770 624 1811 rerum
639 1769 763 1824 amore,
781 1747 914 1813 studeant
934 1751 1085 1816 aemulari?

398 1849 478 1918 Nam
494 1857 517 1916 is
537 1855 656 1916 demum
675 1874 763 1915 verus
782 1851 823 1916 est
842 1856 958 1933 cultus,
973 1857 1083 1941 longe-

398 1953 457 2040 que
482 1957 623 2018 coelitibus
652 1958 837 2040 gratissimus.
864 1955 1005 2020 Praeterea
1031 1981 1081 2021 cur

398 2060 543 2141 templum
560 2058 747 2135 desiderem,
766 2080 833 2120 cum
853 2059 931 2124 orbis
951 2060 996 2124 hic
1012 2065 1079 2122 uni-

398 2163 495 2228 versus
511 2163 655 2248 templum
676 2163 746 2228 mihi
765 2164 822 2241 sit,
842 2167 872 2227 ni
892 2164 1081 2250 [3110ηυὶ-

398 2267 594 2331 cherrimum?
614 2267 719 2353 Neque
742 2292 816 2334 vero
839 2272 939 2334 desunt
956 2271 1080 2353 mystae,

397 2377 452 2437 nisi
471 2376 522 2437 ubi
543 2373 645 2438 desunt
665 2374 808 2436 homines.
827 2374 892 2435 Nec
910 2372 970 2454 jam
991 2375 1080 2459 usque

397 2482 475 2544 adeo
497 2479 581 2543 stulta
601 2479 686 2556 sum,
707 2497 740 2541 ut
757 2477 853 2538 saxeas
874 2498 907 2542 ac
930 2477 1078 2542 coloribus

397 2583 507 2646 fucatas
534 2587 673 2668 imagines
700 2582 873 2663 requiram,
900 2601 963 2666 quae
990 2582 1079 2647 cultui

398 2687 498 2764 nostro
514 2705 722 2770 nonnunquam
740 2681 889 2763 officiunt,
907 2707 974 2749 cum
988 2712 1005 2750 a
1020 2687 1078 2750 stu·
1183 2683 1185 2688 ’
1218 2753 1219 2765 ,

399 2788 474 2884 pidia
494 2790 528 2854 δι
549 2790 702 2874 pinguibus
726 2787 783 2853 istis
808 2791 888 2878 signa
911 2814 967 2877 pro
990 2791 1076 2855 Divis
