<?xml version="1.0" encoding="UTF-8"?>
<!DOCTYPE html PUBLIC "-//W3C//DTD XHTML 1.0 Transitional//EN"
    "http://www.w3.org/TR/xhtml1/DTD/xhtml1-transitional.dtd">
<html xmlns="http://www.w3.org/1999/xhtml" xml:lang="en" lang="en">
 <head>
  <title>
</title>
<meta http-equiv="Content-Type" content="text/html;charset=utf-8" />
  <meta name='ocr-system' content='tesseract 3.04.00' />
  <meta name='ocr-capabilities' content='ocr_page ocr_carea ocr_par ocr_line ocrx_word'/>
</head>
<body>
  <div class='ocr_page' id='page_1' title='image "./mriasenkmionstu00quergoog_0226.png"; bbox 0 0 2524 3850; ppageno 0'>
   <div class='ocr_carea' id='block_1_1' title="bbox 396 245 979 358">
    <p class='ocr_par' dir='ltr' id='par_1_1' title="bbox 396 245 979 358">
     <span class='ocr_line' id='line_1_1' title="bbox 396 245 979 358; baseline 0 -2"><span class='ocrx_word' id='word_1_1' title='bbox 396 245 515 358; x_wconf 55' lang='lat' dir='ltr'>aod⁸</span> <span class='ocrx_word' id='word_1_2' title='bbox 569 255 893 358; x_wconf 67' lang='lat' dir='ltr'>Eriouruu</span> <span class='ocrx_word' id='word_1_3' title='bbox 975 258 979 267; x_wconf 45' lang='grc'><em>“</em></span> 
     </span>
    </p>
   </div>
   <div class='ocr_carea' id='block_1_2' title="bbox 392 403 1081 512">
    <p class='ocr_par' dir='ltr' id='par_1_2' title="bbox 392 403 1081 512">
     <span class='ocr_line' id='line_1_2' title="bbox 392 403 1081 512; baseline 0.001 -22"><span class='ocrx_word' id='word_1_4' title='bbox 392 427 508 502; x_wconf 76' lang='lat' dir='ltr'><strong>sibilia,</strong></span> <span class='ocrx_word' id='word_1_5' title='bbox 526 424 565 488; x_wconf 88' lang='lat' dir='ltr'>ad</span> <span class='ocrx_word' id='word_1_6' title='bbox 582 403 714 511; x_wconf 72' lang='lat' dir='ltr'>spiritdlia</span> <span class='ocrx_word' id='word_1_7' title='bbox 730 431 847 512; x_wconf 58' lang='lat' dir='ltr'>rapitur«</span> <span class='ocrx_word' id='word_1_8' title='bbox 865 423 991 490; x_wconf 80' lang='lat' dir='ltr'>Proinde</span> <span class='ocrx_word' id='word_1_9' title='bbox 1002 430 1081 491; x_wconf 69' lang='lat' dir='ltr'>mni·</span> 
     </span>
    </p>
   </div>
   <div class='ocr_carea' id='block_1_3' title="bbox 389 525 1074 823">
    <p class='ocr_par' dir='ltr' id='par_1_3' title="bbox 389 525 1074 823">
     <span class='ocr_line' id='line_1_3' title="bbox 390 525 1074 594; baseline -0.004 0"><span class='ocrx_word' id='word_1_10' title='bbox 390 525 502 594; x_wconf 82' lang='lat' dir='ltr'>summa</span> <span class='ocrx_word' id='word_1_11' title='bbox 522 533 558 592; x_wconf 89' lang='lat' dir='ltr'>sit</span> <span class='ocrx_word' id='word_1_12' title='bbox 577 533 651 594; x_wconf 85' lang='lat' dir='ltr'>inter</span> <span class='ocrx_word' id='word_1_13' title='bbox 669 533 724 594; x_wconf 88' lang='lat' dir='ltr'>hos</span> <span class='ocrx_word' id='word_1_14' title='bbox 746 533 779 594; x_wconf 88' lang='lat'>&amp;</span> <span class='ocrx_word' id='word_1_15' title='bbox 796 533 862 594; x_wconf 89' lang='lat' dir='ltr'>illos</span> <span class='ocrx_word' id='word_1_16' title='bbox 879 531 1014 593; x_wconf 82' lang='lat' dir='ltr'>omnibus</span> <span class='ocrx_word' id='word_1_17' title='bbox 1030 530 1074 592; x_wconf 77' lang='lat' dir='ltr'>da</span> 
     </span>
     <span class='ocr_line' id='line_1_4' title="bbox 390 633 1072 719; baseline 0.003 -23"><span class='ocrx_word' id='word_1_18' title='bbox 390 634 476 696; x_wconf 78' lang='lat' dir='ltr'>rebus</span> <span class='ocrx_word' id='word_1_19' title='bbox 495 635 650 713; x_wconf 82' lang='lat' dir='ltr'>diffensio,</span> <span class='ocrx_word' id='word_1_20' title='bbox 667 636 700 698; x_wconf 86' lang='lat' dir='ltr'>fit</span> <span class='ocrx_word' id='word_1_21' title='bbox 720 654 751 697; x_wconf 93' lang='lat' dir='ltr'>ut</span> <span class='ocrx_word' id='word_1_22' title='bbox 770 638 882 719; x_wconf 88' lang='lat' dir='ltr'>utrique</span> <span class='ocrx_word' id='word_1_23' title='bbox 893 633 1002 698; x_wconf 83' lang='lat' dir='ltr'>&#39;alteris</span> <span class='ocrx_word' id='word_1_24' title='bbox 1023 639 1072 698; x_wconf 87' lang='lat' dir='ltr'>in·</span> 
     </span>
     <span class='ocr_line' id='line_1_5' title="bbox 389 738 1072 823; baseline 0.004 -24"><span class='ocrx_word' id='word_1_25' title='bbox 389 738 481 802; x_wconf 84' lang='lat' dir='ltr'>sarrire</span> <span class='ocrx_word' id='word_1_26' title='bbox 499 739 662 802; x_wconf 85' lang='lat' dir='ltr'>videantur.</span> <span class='ocrx_word' id='word_1_27' title='bbox 685 739 863 823; x_wconf 82' lang='lat' dir='ltr'>Qdanquam</span> <span class='ocrx_word' id='word_1_28' title='bbox 882 739 913 800; x_wconf 96' lang='lat' dir='ltr'>id</span> <span class='ocrx_word' id='word_1_29' title='bbox 932 740 1072 802; x_wconf 79' lang='lat' dir='ltr'>vocabuli</span> 
     </span>
    </p>
   </div>
   <div class='ocr_carea' id='block_1_4' title="bbox 285 843 1071 930">
    <p class='ocr_par' dir='ltr' id='par_1_4' title="bbox 285 843 1071 930">
     <span class='ocr_line' id='line_1_6' title="bbox 285 843 1071 930; baseline 0 -24"><span class='ocrx_word' id='word_1_30' title='bbox 285 879 287 885; x_wconf 70' lang='lat'><em>,</em></span> <span class='ocrx_word' id='word_1_31' title='bbox 388 843 491 906; x_wconf 72' lang='lat' dir='ltr'>reffius</span> <span class='ocrx_word' id='word_1_32' title='bbox 504 847 533 906; x_wconf 90' lang='lat' dir='ltr'>in</span> <span class='ocrx_word' id='word_1_33' title='bbox 547 848 612 926; x_wconf 90' lang='lat' dir='ltr'>pios</span> <span class='ocrx_word' id='word_1_34' title='bbox 626 847 786 928; x_wconf 85' lang='lat' dir='ltr'>competit,</span> <span class='ocrx_word' id='word_1_35' title='bbox 798 866 885 928; x_wconf 88' lang='lat' dir='ltr'>quam</span> <span class='ocrx_word' id='word_1_36' title='bbox 901 848 932 908; x_wconf 85' lang='lat' dir='ltr'>in</span> <span class='ocrx_word' id='word_1_37' title='bbox 945 846 1048 930; x_wconf 70' lang='lat' dir='ltr'>vulgus</span> <span class='ocrx_word' id='word_1_38' title='bbox 1056 891 1071 924; x_wconf 90' lang='lat'>,</span> 
     </span>
    </p>
   </div>
   <div class='ocr_carea' id='block_1_5' title="bbox 389 949 764 1034">
    <p class='ocr_par' dir='ltr' id='par_1_5' title="bbox 389 949 764 1034">
     <span class='ocr_line' id='line_1_7' title="bbox 389 949 764 1034; baseline 0.008 -23"><span class='ocrx_word' id='word_1_39' title='bbox 389 969 456 1012; x_wconf 89' lang='lat' dir='ltr'>mea</span> <span class='ocrx_word' id='word_1_40' title='bbox 477 949 595 1034; x_wconf 83' lang='lat' dir='ltr'>quidem</span> <span class='ocrx_word' id='word_1_41' title='bbox 613 949 764 1014; x_wconf 87' lang='lat' dir='ltr'>sententia.</span> 
     </span>
    </p>
   </div>
   <div class='ocr_carea' id='block_1_6' title="bbox 428 1154 1071 1242">
    <p class='ocr_par' dir='ltr' id='par_1_6' title="bbox 428 1154 1071 1242">
     <span class='ocr_line' id='line_1_8' title="bbox 428 1154 1071 1242; baseline 0.005 -23"><span class='ocrx_word' id='word_1_42' title='bbox 428 1154 577 1220; x_wconf 85' lang='lat' dir='ltr'><strong>LXVII.</strong></span> <span class='ocrx_word' id='word_1_43' title='bbox 595 1157 657 1240; x_wconf 88' lang='lat' dir='ltr'>Qu</span> <span class='ocrx_word' id='word_1_44' title='bbox 667 1173 720 1220; x_wconf 83' lang='lat' dir='ltr'>on</span> <span class='ocrx_word' id='word_1_45' title='bbox 740 1157 858 1241; x_wconf 85' lang='lat' dir='ltr'>quidem</span> <span class='ocrx_word' id='word_1_46' title='bbox 879 1158 971 1242; x_wconf 84' lang='lat' dir='ltr'>magis</span> <span class='ocrx_word' id='word_1_47' title='bbox 996 1163 1071 1242; x_wconf 66' lang='lat' dir='ltr'>tier·i</span> 
     </span>
    </p>
   </div>
   <div class='ocr_carea' id='block_1_7' title="bbox 385 1261 1075 1347">
    <p class='ocr_par' dir='ltr' id='par_1_7' title="bbox 385 1261 1075 1347">
     <span class='ocr_line' id='line_1_9' title="bbox 385 1261 1075 1347; baseline 0.003 -23"><span class='ocrx_word' id='word_1_48' title='bbox 385 1261 514 1344; x_wconf 84' lang='lat' dir='ltr'>spicuum</span> <span class='ocrx_word' id='word_1_49' title='bbox 533 1261 606 1340; x_wconf 86' lang='lat' dir='ltr'>fiet,</span> <span class='ocrx_word' id='word_1_50' title='bbox 626 1265 651 1324; x_wconf 80' lang='lat' dir='ltr'>si</span> <span class='ocrx_word' id='word_1_51' title='bbox 670 1262 919 1347; x_wconf 85' lang='lat' dir='ltr'>quemadmodum</span> <span class='ocrx_word' id='word_1_52' title='bbox 937 1263 1075 1346; x_wconf 56' lang='lat' dir='ltr'>pollicita*</span> 
     </span>
    </p>
   </div>
   <div class='ocr_carea' id='block_1_8' title="bbox 382 1365 1068 1759">
    <p class='ocr_par' dir='ltr' id='par_1_8' title="bbox 382 1365 1068 1759">
     <span class='ocr_line' id='line_1_10' title="bbox 384 1365 1067 1448; baseline 0.001 -22"><span class='ocrx_word' id='word_1_53' title='bbox 384 1365 468 1440; x_wconf 88' lang='lat' dir='ltr'>sum,</span> <span class='ocrx_word' id='word_1_54' title='bbox 486 1370 584 1448; x_wconf 85' lang='lat' dir='ltr'>paucis</span> <span class='ocrx_word' id='word_1_55' title='bbox 599 1367 821 1443; x_wconf 86' lang='lat' dir='ltr'>demonstrato,</span> <span class='ocrx_word' id='word_1_56' title='bbox 837 1366 979 1440; x_wconf 83' lang='lat' dir='ltr'>summum</span> <span class='ocrx_word' id='word_1_57' title='bbox 995 1367 1067 1428; x_wconf 90' lang='lat' dir='ltr'>illud</span> 
     </span>
     <span class='ocr_line' id='line_1_11' title="bbox 383 1469 1066 1552; baseline 0.01 -24"><span class='ocrx_word' id='word_1_58' title='bbox 383 1470 535 1552; x_wconf 84' lang='lat' dir='ltr'>praemium</span> <span class='ocrx_word' id='word_1_59' title='bbox 555 1469 625 1527; x_wconf 85' lang='lat' dir='ltr'>nihil</span> <span class='ocrx_word' id='word_1_60' title='bbox 646 1470 800 1530; x_wconf 78' lang='lat' dir='ltr'>aliudesse</span> <span class='ocrx_word' id='word_1_61' title='bbox 822 1491 909 1550; x_wconf 91' lang='lat' dir='ltr'>quam</span> <span class='ocrx_word' id='word_1_62' title='bbox 927 1471 1066 1535; x_wconf 83' lang='lat' dir='ltr'>insaniam</span> 
     </span>
     <span class='ocr_line' id='line_1_12' title="bbox 383 1570 1066 1660; baseline 0.001 -25"><span class='ocrx_word' id='word_1_63' title='bbox 383 1571 540 1660; x_wconf 82' lang='lat' dir='ltr'>quandam.</span> <span class='ocrx_word' id='word_1_64' title='bbox 558 1570 687 1632; x_wconf 86' lang='lat' dir='ltr'>Primum</span> <span class='ocrx_word' id='word_1_65' title='bbox 706 1573 792 1656; x_wconf 82' lang='lat' dir='ltr'>igitur</span> <span class='ocrx_word' id='word_1_66' title='bbox 813 1571 972 1635; x_wconf 84' lang='lat' dir='ltr'>existimate</span> <span class='ocrx_word' id='word_1_67' title='bbox 992 1573 1066 1636; x_wconf 86' lang='lat' dir='ltr'>Pla-</span> 
     </span>
     <span class='ocr_line' id='line_1_13' title="bbox 382 1673 1068 1759; baseline 0 -19"><span class='ocrx_word' id='word_1_68' title='bbox 382 1697 487 1740; x_wconf 85' lang='lat' dir='ltr'>tonem</span> <span class='ocrx_word' id='word_1_69' title='bbox 504 1677 563 1739; x_wconf 81' lang='lat' dir='ltr'>tale</span> <span class='ocrx_word' id='word_1_70' title='bbox 581 1676 720 1759; x_wconf 85' lang='lat' dir='ltr'>quiddam</span> <span class='ocrx_word' id='word_1_71' title='bbox 736 1673 796 1756; x_wconf 82' lang='lat' dir='ltr'>jam</span> <span class='ocrx_word' id='word_1_72' title='bbox 814 1691 875 1737; x_wconf 91' lang='lat' dir='ltr'>tum</span> <span class='ocrx_word' id='word_1_73' title='bbox 893 1676 1068 1755; x_wconf 76' lang='lat' dir='ltr'>somniaffe;·</span> 
     </span>
    </p>
   </div>
   <div class='ocr_carea' id='block_1_9' title="bbox 277 1769 1067 1862">
    <p class='ocr_par' dir='ltr' id='par_1_9' title="bbox 277 1769 1067 1862">
     <span class='ocr_line' id='line_1_14' title="bbox 277 1769 1067 1862; baseline -0.004 -15"><span class='ocrx_word' id='word_1_74' title='bbox 277 1769 292 1775; x_wconf 16' lang='grc' dir='ltr'><em>Η</em></span> <span class='ocrx_word' id='word_1_75' title='bbox 381 1807 450 1846; x_wconf 83' lang='lat' dir='ltr'>cum</span> <span class='ocrx_word' id='word_1_76' title='bbox 460 1829 470 1859; x_wconf 90' lang='lat'><strong>,</strong></span> <span class='ocrx_word' id='word_1_77' title='bbox 482 1783 645 1845; x_wconf 79' lang='lat' dir='ltr'>Amantium</span> <span class='ocrx_word' id='word_1_78' title='bbox 655 1779 777 1862; x_wconf 65' lang='lat' dir='ltr'>fictorem</span> <span class='ocrx_word' id='word_1_79' title='bbox 795 1783 913 1843; x_wconf 83' lang='lat' dir='ltr'>omnium</span> <span class='ocrx_word' id='word_1_80' title='bbox 922 1780 1067 1862; x_wconf 71' lang='lat' dir='ltr'>felicissi-&#39;</span> 
     </span>
    </p>
   </div>
   <div class='ocr_carea' id='block_1_10' title="bbox 379 1883 1067 2384">
    <p class='ocr_par' dir='ltr' id='par_1_10' title="bbox 379 1883 1067 2384">
     <span class='ocr_line' id='line_1_15' title="bbox 382 1883 1067 1966; baseline -0.001 -16"><span class='ocrx_word' id='word_1_81' title='bbox 382 1911 455 1950; x_wconf 83' lang='lat' dir='ltr'>mum</span> <span class='ocrx_word' id='word_1_82' title='bbox 467 1886 536 1966; x_wconf 80' lang='lat' dir='ltr'><em>effe,</em></span> <span class='ocrx_word' id='word_1_83' title='bbox 550 1887 692 1948; x_wconf 85' lang='lat' dir='ltr'>scriberet.</span> <span class='ocrx_word' id='word_1_84' title='bbox 707 1883 824 1945; x_wconf 84' lang='lat' dir='ltr'>Etenim</span> <span class='ocrx_word' id='word_1_85' title='bbox 837 1888 886 1966; x_wconf 90' lang='lat' dir='ltr'>qui</span> <span class='ocrx_word' id='word_1_86' title='bbox 900 1886 1067 1950; x_wconf 68' lang='lat' dir='ltr'>vehemen-t</span> 
     </span>
     <span class='ocr_line' id='line_1_16' title="bbox 383 1985 1067 2070; baseline -0.007 -16"><span class='ocrx_word' id='word_1_87' title='bbox 383 2009 430 2054; x_wconf 85' lang='lat' dir='ltr'>ter</span> <span class='ocrx_word' id='word_1_88' title='bbox 446 2007 544 2064; x_wconf 88' lang='lat' dir='ltr'>amat,</span> <span class='ocrx_word' id='word_1_89' title='bbox 560 1988 619 2070; x_wconf 85' lang='lat' dir='ltr'>jam</span> <span class='ocrx_word' id='word_1_90' title='bbox 635 2009 696 2049; x_wconf 84' lang='lat' dir='ltr'>nou</span> <span class='ocrx_word' id='word_1_91' title='bbox 712 1990 743 2046; x_wconf 88' lang='lat' dir='ltr'>itt</span> <span class='ocrx_word' id='word_1_92' title='bbox 758 1985 788 2046; x_wconf 89' lang='lat' dir='ltr'>se</span> <span class='ocrx_word' id='word_1_93' title='bbox 805 1987 898 2060; x_wconf 85' lang='lat' dir='ltr'>vivit,</span> <span class='ocrx_word' id='word_1_94' title='bbox 915 1985 965 2046; x_wconf 88' lang='lat' dir='ltr'>sed</span> <span class='ocrx_word' id='word_1_95' title='bbox 977 1991 1007 2048; x_wconf 87' lang='lat' dir='ltr'>in</span> <span class='ocrx_word' id='word_1_96' title='bbox 1020 2001 1067 2054; x_wconf 65' lang='lat' dir='ltr'>ed</span> 
     </span>
     <span class='ocr_line' id='line_1_17' title="bbox 380 2086 1065 2177; baseline -0.004 -24"><span class='ocrx_word' id='word_1_97' title='bbox 380 2093 462 2177; x_wconf 89' lang='lat' dir='ltr'>quod</span> <span class='ocrx_word' id='word_1_98' title='bbox 479 2107 577 2161; x_wconf 82' lang='lat' dir='ltr'>amat;</span> <span class='ocrx_word' id='word_1_99' title='bbox 592 2107 709 2168; x_wconf 91' lang='lat' dir='ltr'>quoque</span> <span class='ocrx_word' id='word_1_100' title='bbox 723 2087 837 2170; x_wconf 78' lang='lat' dir='ltr'>longius</span> <span class='ocrx_word' id='word_1_101' title='bbox 855 2086 915 2149; x_wconf 89' lang='lat' dir='ltr'>ase</span> <span class='ocrx_word' id='word_1_102' title='bbox 931 2089 995 2173; x_wconf 90' lang='lat' dir='ltr'>ipso</span> <span class='ocrx_word' id='word_1_103' title='bbox 1012 2091 1065 2163; x_wconf 86' lang='lat' dir='ltr'>di-¹</span> 
     </span>
     <span class='ocr_line' id='line_1_18' title="bbox 379 2183 1063 2283; baseline 0.004 -27"><span class='ocrx_word' id='word_1_104' title='bbox 379 2183 526 2282; x_wconf 80' lang='lat' dir='ltr'>greditur,</span> <span class='ocrx_word' id='word_1_105' title='bbox 543 2193 576 2254; x_wconf 80' lang='lat' dir='ltr'>dt</span> <span class='ocrx_word' id='word_1_106' title='bbox 587 2193 617 2252; x_wconf 89' lang='lat' dir='ltr'>iu</span> <span class='ocrx_word' id='word_1_107' title='bbox 635 2190 706 2252; x_wconf 90' lang='lat' dir='ltr'>illud</span> <span class='ocrx_word' id='word_1_108' title='bbox 722 2189 883 2276; x_wconf 84' lang='lat' dir='ltr'>demigrat,</span> <span class='ocrx_word' id='word_1_109' title='bbox 896 2195 955 2258; x_wconf 87' lang='lat' dir='ltr'>hoc</span> <span class='ocrx_word' id='word_1_110' title='bbox 968 2201 1063 2283; x_wconf 64' lang='lat' dir='ltr'>magis</span> 
     </span>
     <span class='ocr_line' id='line_1_19' title="bbox 379 2295 1064 2384; baseline 0 -20"><span class='ocrx_word' id='word_1_111' title='bbox 379 2323 415 2364; x_wconf 91' lang='lat' dir='ltr'>ac</span> <span class='ocrx_word' id='word_1_112' title='bbox 434 2302 525 2384; x_wconf 85' lang='lat' dir='ltr'>magis</span> <span class='ocrx_word' id='word_1_113' title='bbox 547 2296 664 2383; x_wconf 87' lang='lat' dir='ltr'>gaudet.</span> <span class='ocrx_word' id='word_1_114' title='bbox 691 2295 792 2379; x_wconf 86' lang='lat' dir='ltr'>Atque</span> <span class='ocrx_word' id='word_1_115' title='bbox 815 2319 881 2358; x_wconf 89' lang='lat' dir='ltr'>cum</span> <span class='ocrx_word' id='word_1_116' title='bbox 905 2303 1016 2364; x_wconf 83' lang='lat' dir='ltr'>animus</span> <span class='ocrx_word' id='word_1_117' title='bbox 1038 2327 1064 2368; x_wconf 62' lang='lat' dir='ltr'>a⁴</span> 
     </span>
    </p>
   </div>
   <div class='ocr_carea' id='block_1_11' title="bbox 377 2401 1061 2912">
    <p class='ocr_par' dir='ltr' id='par_1_11' title="bbox 377 2401 1061 2912">
     <span class='ocr_line' id='line_1_20' title="bbox 378 2401 1061 2492; baseline -0.02 -20"><span class='ocrx_word' id='word_1_118' title='bbox 378 2427 504 2492; x_wconf 82' lang='lat' dir='ltr'>corpote</span> <span class='ocrx_word' id='word_1_119' title='bbox 515 2403 689 2488; x_wconf 84' lang='lat' dir='ltr'>peregrinari</span> <span class='ocrx_word' id='word_1_120' title='bbox 699 2401 868 2475; x_wconf 85' lang='lat' dir='ltr'>meditatur,</span> <span class='ocrx_word' id='word_1_121' title='bbox 879 2421 973 2484; x_wconf 86' lang='lat' dir='ltr'>neque</span> <span class='ocrx_word' id='word_1_122' title='bbox 985 2428 1061 2488; x_wconf 81' lang='lat' dir='ltr'>pro.</span> 
     </span>
     <span class='ocr_line' id='line_1_21' title="bbox 378 2504 1058 2590; baseline -0.001 -17"><span class='ocrx_word' id='word_1_123' title='bbox 378 2515 419 2577; x_wconf 88' lang='lat' dir='ltr'>be</span> <span class='ocrx_word' id='word_1_124' title='bbox 440 2512 494 2573; x_wconf 89' lang='lat' dir='ltr'>suis</span> <span class='ocrx_word' id='word_1_125' title='bbox 513 2511 601 2572; x_wconf 87' lang='lat' dir='ltr'>utitur</span> <span class='ocrx_word' id='word_1_126' title='bbox 616 2509 754 2590; x_wconf 87' lang='lat' dir='ltr'>organis,</span> <span class='ocrx_word' id='word_1_127' title='bbox 772 2504 845 2566; x_wconf 88' lang='lat' dir='ltr'>istud</span> <span class='ocrx_word' id='word_1_128' title='bbox 866 2506 944 2568; x_wconf 86' lang='lat' dir='ltr'>haud</span> <span class='ocrx_word' id='word_1_129' title='bbox 968 2511 1058 2576; x_wconf 83' lang='lat' dir='ltr'>dubie</span> 
     </span>
     <span class='ocr_line' id='line_1_22' title="bbox 378 2609 1057 2695; baseline 0.003 -17"><span class='ocrx_word' id='word_1_130' title='bbox 378 2617 513 2679; x_wconf 82' lang='lat' dir='ltr'>furorem</span> <span class='ocrx_word' id='word_1_131' title='bbox 531 2613 609 2676; x_wconf 74' lang='lat' dir='ltr'>rede</span> <span class='ocrx_word' id='word_1_132' title='bbox 633 2611 746 2671; x_wconf 80' lang='lat' dir='ltr'>dixeris.</span> <span class='ocrx_word' id='word_1_133' title='bbox 770 2609 979 2695; x_wconf 65' lang='lat' dir='ltr'>Alioquiquid</span> <span class='ocrx_word' id='word_1_134' title='bbox 1000 2616 1057 2680; x_wconf 86' lang='lat' dir='ltr'>sibi</span> 
     </span>
     <span class='ocr_line' id='line_1_23' title="bbox 378 2694 1056 2804; baseline -0.001 -23"><span class='ocrx_word' id='word_1_135' title='bbox 378 2723 464 2796; x_wconf 86' lang='lat' dir='ltr'>vult,</span> <span class='ocrx_word' id='word_1_136' title='bbox 479 2694 568 2804; x_wconf 42' lang='lat' dir='ltr'>&#39;quod</span> <span class='ocrx_word' id='word_1_137' title='bbox 587 2717 677 2799; x_wconf 84' lang='lat' dir='ltr'>vulgo</span> <span class='ocrx_word' id='word_1_138' title='bbox 697 2716 785 2776; x_wconf 85' lang='lat' dir='ltr'>etiam</span> <span class='ocrx_word' id='word_1_139' title='bbox 802 2714 918 2793; x_wconf 88' lang='lat' dir='ltr'>dicunt,</span> <span class='ocrx_word' id='word_1_140' title='bbox 935 2721 1003 2799; x_wconf 66' lang='lat' dir='ltr'>Nora</span> <span class='ocrx_word' id='word_1_141' title='bbox 1020 2725 1056 2804; x_wconf 75' lang='lat' dir='ltr'>est</span> 
     </span>
     <span class='ocr_line' id='line_1_24' title="bbox 377 2819 1053 2912; baseline 0.01 -30"><span class='ocrx_word' id='word_1_142' title='bbox 377 2825 491 2910; x_wconf 79' lang='lat' dir='ltr'>apudse</span> <span class='ocrx_word' id='word_1_143' title='bbox 501 2869 513 2899; x_wconf 92' lang='lat'>,</span> <span class='ocrx_word' id='word_1_144' title='bbox 528 2823 560 2888; x_wconf 70' lang='grc' dir='ltr'>ὅ(</span> <span class='ocrx_word' id='word_1_145' title='bbox 572 2825 613 2882; x_wconf 88' lang='lat' dir='ltr'>ad</span> <span class='ocrx_word' id='word_1_146' title='bbox 622 2839 647 2882; x_wconf 85' lang='lat' dir='ltr'>te</span> <span class='ocrx_word' id='word_1_147' title='bbox 660 2822 738 2900; x_wconf 71' lang='lat' dir='ltr'>redi,</span> <span class='ocrx_word' id='word_1_148' title='bbox 752 2819 786 2886; x_wconf 80' lang='lat'>&amp;</span> <span class='ocrx_word' id='word_1_149' title='bbox 796 2822 851 2885; x_wconf 72' lang='lat' dir='ltr'>sibi</span> <span class='ocrx_word' id='word_1_150' title='bbox 862 2825 983 2888; x_wconf 77' lang='lat' dir='ltr'>redditus</span> <span class='ocrx_word' id='word_1_151' title='bbox 995 2827 1053 2912; x_wconf 57' lang='lat' dir='ltr'>esti</span> 
     </span>
    </p>
   </div>
   <div class='ocr_carea' id='block_1_12' title="bbox 0 0 1266 3850">
    <p class='ocr_par' dir='ltr' id='par_1_12' title="bbox 0 0 1266 3850">
     <span class='ocr_line' id='line_1_25' title="bbox 0 0 1266 3850; baseline 0 7"><span class='ocrx_word' id='word_1_152' title='bbox 0 0 1266 3850; x_wconf 95' lang='lat' dir='ltr'> </span> 
     </span>
    </p>
   </div>
   <div class='ocr_carea' id='block_1_13' title="bbox 1243 2917 1254 2950">
    <p class='ocr_par' dir='ltr' id='par_1_13' title="bbox 1243 2917 1254 2950">
     <span class='ocr_line' id='line_1_26' title="bbox 1243 2917 1254 2950; baseline 0 0"><span class='ocrx_word' id='word_1_153' title='bbox 1243 2917 1254 2950; x_wconf 80' lang='grc'>1</span> 
     </span>
    </p>
   </div>
  </div>
 </body>
</html>
