2452 4386
482 300 735 372 Monam.
876 319 939 396 ¹23
1017 398 1020 402 ἠ

256 442 512 519 τολυτιχνὸτιπι,
528 441 666 505 Graecum
680 490 690 520 ,
708 444 861 518 Latinum,
874 441 946 505 Ma·

199 549 204 556 ”
218 529 224 540 ¹
262 549 455 610 thematieum
469 594 479 624 ,
507 548 715 632 Philosophum
729 592 745 648 κ,
771 547 920 609 Medicum
934 594 946 624 ,

263 656 314 714 καὶ
333 657 424 713 ηὸτι
446 655 582 726 βασιλικὴ
599 650 679 736 (1),
703 649 763 732 jam
786 649 945 733 sexagenu-

263 735 360 832 rium‚
374 757 448 838 qui,
470 759 582 819 caereris
607 757 691 818 rebus
712 757 847 830 omissis,
865 756 945 814 annis

261 859 329 942 ‘plus
355 862 458 943 viginti
482 859 512 922 se
539 876 657 941 torquet
684 882 718 921 ac
744 857 892 920 discruciat
915 857 945 918 in

260 961 485 1040 Grammatica,
505 962 619 1045 prorsus
637 962 752 1051 felicem
769 962 798 1024 se
813 962 880 1024 sore
897 983 946 1022 ra-

259 1079 332 1140 tus,
357 1066 381 1126 si
404 1082 465 1128 tam
493 1065 542 1130 diu
572 1069 657 1132 liceat
686 1071 815 1143 vivere,
848 1067 945 1130 donec

222 1201 226 1210 ·
259 1186 346 1234 terto
366 1167 472 1234 statuat
491 1173 646 1255 quomodo
663 1171 867 1257 distinguendae
888 1174 945 1233 sint

260 1274 331 1338 οᾶο
345 1291 441 1356 partes
459 1279 618 1353 orationis,
634 1277 714 1360 quod
733 1276 869 1339 haetenus
885 1296 944 1338 ne·-

256 1401 314 1443 mo
331 1377 504 1443 Graecorum
521 1398 569 1444 aut
586 1381 758 1444 Latinorum
772 1381 809 1443 ad
824 1381 945 1464 pienum

257 1483 395 1569 praestare
407 1487 507 1550 valuit.
523 1485 647 1552 Perinde
661 1490 741 1570 quasi
753 1507 799 1549 res
813 1488 851 1548 sit
863 1485 945 1548 bello

256 1611 379 1672 quoque
404 1590 601 1666 vindicanda,
624 1594 649 1650 si
671 1593 733 1672 quis
760 1589 945 1669 conjunfflou

232 1724 235 1732 ·
257 1710 333 1753 nem
350 1689 438 1752 faciat
454 1690 610 1752 disiionem
627 1692 665 1751 ad
680 1692 886 1754 adverbiorum
902 1690 948 1771 jus

258 1794 472 1878 pertinentem.
488 1791 527 1854 Et
543 1791 598 1854 hac
613 1794 724 1877 gratia,
740 1813 807 1854 eum
822 1793 948 1854 totidem

261 1899 320 1961 sint
343 1899 537 1983 grammatica
561 1913 633 1980 quor
656 1899 862 1982 grammatici,
885 1899 948 1960 imo

256 2003 357 2088 plures
369 2001 383 2086 [
393 2001 630 2087 quandoquidem
647 2002 743 2064 Aldus
759 2023 842 2066 meus
855 2025 946 2080 unus,

171 2112 178 2142 ·‘
256 2108 327 2192 plue
346 2107 498 2190 quinquies
518 2109 735 2189 grammaticam
754 2105 857 2190 dedit]
872 2153 883 2182 ‚
899 2107 947 2170 hic

261 2210 373 2274 nullam
391 2212 537 2285 omnino,
556 2214 738 2292 quantumvis
755 2212 881 2274 barbare
898 2227 947 2275 aut

255 2313 386 2379 'moleste
398 2313 554 2398 scriptam,
566 2317 757 2396 praerermittit
767 2362 777 2391 ,
788 2336 876 2398 quam
886 2338 949 2378 non

265 2419 411 2495 evolvat,
429 2407 637 2502 excutiatque,
657 2419 767 2481 nemini
787 2440 847 2480 non
870 2421 949 2481 invi-

259 2523 338 2592 dens
351 2526 395 2599 ,si
404 2523 490 2606 quid,
501 2521 712 2608 quantumlibet
721 2523 820 2604 inepte
829 2524 950 2600 ‚molia-

265 2643 313 2690 tur
326 2627 428 2688 inhoe
443 2646 550 2710 genere
560 2672 571 2705 ‚
582 2625 686 2690 misere
698 2628 805 2690 timens
812 2645 825 2705 ·,
835 2648 873 2691 ne
879 2631 948 2713 'quir

291 2869 323 2924 (ι)
333 2870 360 2916 Er
372 2871 421 2922 nge
431 2867 548 2922 felicitatem
564 2882 674 2922 aquarum.
