2506 3862
374 261 423 340 90
546 241 953 314 Encomunr·
1048 233 1057 326 J

374 382 497 446 scribens
507 399 610 466 ,optat
625 383 755 461 Cicero,
767 385 901 448 nimirum
916 394 979 468 qun
989 372 1054 446 tan-⁴

373 504 471 555 torum
489 488 633 550 malorum
651 489 731 552 sensu
749 509 846 554 carere
866 488 971 571 pollet.
989 489 1051 551 Ne·

374 610 431 674 que
442 612 594 675 perperam
609 593 693 658 sensit
704 592 831 676 Argivus
843 593 891 656 ille
901 639 912 668 ,
924 597 973 676 qui
985 593 1053 656 hac·

372 710 457 756 tenus
474 695 649 772 insaniebat,
666 711 699 758 ut
718 712 798 758 totos
819 696 880 758 dies
897 695 974 758 solus
993 697 1050 759 de-

374 800 480 863 sideret
492 803 521 862 in
537 800 671 876 theatro,
685 799 799 876 ridens,
811 798 968 883 plaudens,
982 821 1054 882 gau-

375 907 472 978 dens,
492 903 572 990 quod
592 903 725 968 crederet
744 904 802 966 illic
821 906 906 966 miras
926 905 972 987 agi
987 919 1051 963 tra·

373 1009 505 1093 goedias,
520 1031 586 1071 cum
596 1009 669 1068 nihil
684 1011 805 1071 omnino
821 1025 974 1091 ageretur,
984 1027 1050 1068 cum

374 1114 406 1174 in
419 1113 528 1178 ceteris
542 1114 611 1174 uitae
624 1109 733 1174 officiis,
740 1111 833 1194 probe
845 1111 913 1173 sese
919 1129 1053 1194 gamer,
1082 1113 1085 1122 ’

374 1213 516 1296 jucundus
532 1216 628 1311 amieis
641 1259 651 1290 ‚
666 1216 756 1277 Comis
772 1218 803 1278 in
817 1235 929 1277 uxorem
937 1259 949 1288 ‚
965 1212 1052 1297 poffce
1128 1259 1132 1267 -

249 1315 258 1330 '
321 1365 326 1376 .
375 1321 424 1401 qui
441 1321 572 1402 ignoscere
584 1319 693 1400 servis,
707 1322 748 1382 Et
763 1322 840 1404 signo
857 1319 923 1401 laesae
939 1341 994 1381 non
1006 1321 1055 1380 in-

369 1423 469 1503 sanire.
482 1424 584 1504 lagena
602 1421 675 1503 (1).
694 1421 782 1482 Hunc
799 1423 849 1482 ubi
862 1437 1056 1504 cognatorum

375 1545 467 1608 opera
478 1569 488 1601 ,
501 1524 573 1586 datis
589 1523 776 1606 pharmacis,
790 1523 897 1586 morbo
912 1519 1031 1610 levall'et
1042 1567 1057 1596 ,

375 1630 488 1714 sibique
507 1627 566 1713 jam
585 1645 665 1693 totus
681 1625 751 1691 esset
768 1626 1016 1716 redditusrlrunc.
1025 1627 1058 1687 in

374 1735 500 1800 modum
515 1756 582 1800 cum
598 1720 699 1798 amicis
710 1733 1001 1818 expostulamffloz,
1013 1755 1057 1794 me

377 1845 513 1926 occidistis
524 1889 537 1916 ,
559 1843 642 1906 amici
655 1885 665 1914 ,
684 1843 751 1901 Non
764 1840 893 1920 servastis,
905 1881 915 1912 ,
928 1841 995 1911 aia,
1013 1838 1061 1898 cui

378 1949 421 2006 sic
442 1964 549 2006 extorta
569 1945 700 2022 voluptas
706 1983 719 2010 ,
737 1941 778 1998 Et
794 1942 917 2019 demptus
931 1960 982 2019 per
999 1942 1058 2000 vim

379 2047 475 2108 mentis
496 2044 669 2123 gratissimus
693 2059 779 2100 error.
798 2037 837 2100 Et
859 2042 964 2106 meriro
988 2043 1057 2124 qui·

378 2147 468 2208 dem:
482 2141 709 2238 επεὼαηῑέηἱω
724 2142 799 2224 ipsi,
817 2161 904 2228 atque
922 2143 1057 2210 elleboro

379 2250 472 2334 magis
493 2269 567 2332 opus
591 2246 761 2325 habebant,
786 2252 835 2332 qui
857 2267 922 2311 tam.
941 2247 1059 2312 felicem

378 2377 416 2418 ac
437 2351 594 2436 jucundam
616 2350 776 2426 insaniam,
792 2373 849 2414 ceu
872 2351 980 2413 malurn
1001 2352 1058 2414 alie

380 2460 486 2543 quod,
505 2457 696 2522 existimarent
715 2455 883 2538 potionibus
905 2456 1059 2538 expellen-

381 2565 464 2628 dam.
481 2564 659 2646 Quanquam
678 2560 748 2621 illud
771 2560 908 2644 equidem
927 2561 1058 2630 nondum

408 2808 447 2863 (r)
463 2805 536 2848 Horat.
547 2805 572 2848 L.
585 2803 625 2849 lv.
639 2803 744 2850 Setunll.
