2496 3876
620 29 646 60 „a

378 191 423 242 ro
513 169 870 266 ,Enconrvn

373 327 484 374 tortum
495 307 758 392 frequentissimum
770 311 878 375 didura
888 310 981 394 prodii
989 357 999 388 ‚
1008 313 1048 374 sic

374 431 498 499 tepente
509 415 641 476 omnium
660 414 755 476 vultus
772 437 852 478 nova
869 415 992 497 quadam
1007 431 1051 476 at-

269 591 271 600 ,
347 521 354 566 l
375 539 433 601 que
455 517 568 580 insolita
584 518 724 581 hilaritate
740 519 926 595 enituerunt,
946 522 987 580 sic
1004 518 1052 580 su-

374 622 438 685 bito
453 621 582 686 frontem
599 619 797 704 exporrexistis
805 667 817 695 ,
832 624 877 682 sio
891 622 960 686 laeto
979 643 1053 706 quo·

375 725 446 786 dam
466 726 499 788 δι
519 725 634 787 amabili
649 723 833 808 applausistis*l
843 724 897 786 risu
910 770 921 800 ‚
936 742 968 786 ut
983 724 1053 786 milri

375 827 509 915 profesto
521 874 531 905 ,
543 845 689 915 quotquot
701 829 829 912 undique
843 827 998 912 presentes
1008 831 1053 889 in·

375 949 481 1008 tueor,
492 936 598 1018 pariter
607 932 743 996 Deorum
753 934 978 996 Homer-iconum
988 929 1056 996 nec·

375 1053 439 1100 tare
453 1083 464 1112 ,
478 1059 539 1098 non
560 1039 621 1097 sine
641 1035 797 1116 Nepenthe
818 1017 1056 1118 (1),'temulenti

377 1138 434 1202 effe
456 1139 637 1214 videamini,
664 1159 731 1201 cum
758 1139 880 1205 antehac
904 1139 996 1204 tristes
1021 1162 1056 1202 ac
1125 1193 1132 1203 .

376 1243 489 1308 solliciti
511 1243 665 1321 sederitis,
687 1245 809 1328 perinde
830 1245 912 1329 quasi
930 1265 1056 1328 nupere

377 1344 544 1431 Trophonii
564 1347 651 1432 specu
674 1347 738 1433 (a)
764 1352 883 1414 reversi.
908 1347 1056 1412 Caeterum

378 1451 626 1534 quemadmodum
648 1451 711 1514 fieri
734 1453 908 1528 consuevit,
931 1463 963 1513 u't
988 1473 1056 1514 cum

378 1557 504 1640 primum
516 1556 559 1618 sol
573 1555 734 1620 formosum
750 1555 822 1618 illud
838 1555 1005 1618 &aureum
1023 1576 1058 1617 os

377 1664 461 1734 terris
478 1660 657 1738 ostenderit,
678 1677 727 1723 aut
750 1661 823 1737 ubi,
844 1658 910 1743 post
929 1658 1058 1743 asperam

332 1827 338 1841 ,
380 1765 521 1854 byemem
532 1813 543 1844 ,
555 1789 667 1830 novum
678 1788 731 1832 ver
741 1765 854 1828 blandis
868 1764 993 1849 aspirarit
1005 1765 1060 1828 Fa·

298 1949 300 1955 y
380 1874 497 1946 veniis,
510 1875 641 1952 protinus
660 1892 739 1932 nova
759 1870 846 1928 rebus
864 1869 998 1929 omnibus
1012 1867 1069 1930 fas

380 1977 461 2045 cies,
475 1992 569 2036 novus
591 1972 674 2032 color
687 1990 720 2031 ac
734 1969 830 2055 plane⁴
838 1965 960 2052 juventa
978 1993 1061 2054 quae·

380 2078 448 2138 dam
467 2073 592 2150 redeat3
612 2076 652 2136 ita
674 2073 785 2151 vobis,
809 2095 860 2137 me
883 2074 1063 2160 conspefila,

380 2201 451 2245 mox
474 2168 544 2240 alius
569 2182 690 2244 accessit
715 2179 821 2244 vultus.
853 2180 955 2265 Itaque
979 2181 1062 2267 quod

523 2326 528 2348 ,
746 2323 750 2332 ,
769 2323 772 2330 .

407 2415 447 2467 (ι)
461 2413 529 2454 Herba
538 2425 582 2466 quae
596 2414 646 2454 vino
660 2410 721 2454 infusa
732 2412 821 2454 laetitiam
836 2421 907 2463 parere
922 2408 981 2450 diua.
997 2391 1059 2450 Hom.
1103 2387 1105 2394 Ι

386 2487 453 2538 Odyff.
469 2485 509 2527 W.
789 2506 804 2532 a

408 2583 447 2636 (2)
463 2581 507 2622 lloc
518 2580 613 2633 dspecu,
624 2581 657 2634 qui
664 2579 701 2618 fuit
712 2565 840 2625 taliabant,
851 2586 964 2630 quotquot,
974 2584 1061 2628 accepto
1083 2541 1091 2561 Ι

383 2655 467 2694 oraculi
475 2643 580 2705 responso,
591 2651 864 2702 revenebmrur,iitrillitii
872 2649 957 2708 pertuli
965 2659 1061 2703 nunquan
1084 2681 1087 2688 .

382 2726 431 2766 nanc
442 2723 583 2766 discutiebant.
