<?xml version="1.0" encoding="UTF-8"?>
<!DOCTYPE html PUBLIC "-//W3C//DTD XHTML 1.0 Transitional//EN"
    "http://www.w3.org/TR/xhtml1/DTD/xhtml1-transitional.dtd">
<html xmlns="http://www.w3.org/1999/xhtml" xml:lang="en" lang="en">
 <head>
  <title>
</title>
<meta http-equiv="Content-Type" content="text/html;charset=utf-8" />
  <meta name='ocr-system' content='tesseract 3.04.00' />
  <meta name='ocr-capabilities' content='ocr_page ocr_carea ocr_par ocr_line ocrx_word'/>
</head>
<body>
  <div class='ocr_page' id='page_1' title='image "./mriasenkmionstu00quergoog_0191.png"; bbox 0 0 2524 3850; ppageno 0'>
   <div class='ocr_carea' id='block_1_1' title="bbox 413 311 871 406">
    <p class='ocr_par' dir='ltr' id='par_1_1' title="bbox 413 311 871 406">
     <span class='ocr_line' id='line_1_1' title="bbox 413 311 871 406; baseline 0.013 -28"><span class='ocrx_word' id='word_1_1' title='bbox 413 311 663 384; x_wconf 68' lang='lat' dir='ltr'>Moris.</span> <span class='ocrx_word' id='word_1_2' title='bbox 806 331 871 406; x_wconf 85' lang='lat'>17¹</span> 
     </span>
    </p>
   </div>
   <div class='ocr_carea' id='block_1_2' title="bbox 103 447 1042 2822">
    <p class='ocr_par' dir='ltr' id='par_1_2' title="bbox 103 447 1042 2822">
     <span class='ocr_line' id='line_1_2' title="bbox 193 447 877 539; baseline 0.009 -27"><span class='ocrx_word' id='word_1_3' title='bbox 193 463 306 532; x_wconf 73' lang='lat' dir='ltr'>agunt,</span> <span class='ocrx_word' id='word_1_4' title='bbox 327 447 404 513; x_wconf 86' lang='lat' dir='ltr'>adeo</span> <span class='ocrx_word' id='word_1_5' title='bbox 424 469 457 514; x_wconf 86' lang='lat' dir='ltr'>ut</span> <span class='ocrx_word' id='word_1_6' title='bbox 477 454 695 536; x_wconf 84' lang='lat' dir='ltr'>propemodum</span> <span class='ocrx_word' id='word_1_7' title='bbox 716 454 877 539; x_wconf 68' lang='lat' dir='ltr'>ignavum,¹</span> 
     </span>
     <span class='ocr_line' id='line_1_3' title="bbox 195 556 878 641; baseline 0.006 -27"><span class='ocrx_word' id='word_1_8' title='bbox 195 575 355 637; x_wconf 86' lang='lat' dir='ltr'>parumque</span> <span class='ocrx_word' id='word_1_9' title='bbox 371 556 513 621; x_wconf 88' lang='lat' dir='ltr'>decorum</span> <span class='ocrx_word' id='word_1_10' title='bbox 529 557 673 641; x_wconf 86' lang='lat' dir='ltr'>Episcopo</span> <span class='ocrx_word' id='word_1_11' title='bbox 688 575 809 639; x_wconf 83' lang='lat' dir='ltr'>putent,</span> <span class='ocrx_word' id='word_1_12' title='bbox 824 559 878 620; x_wconf 85' lang='lat' dir='ltr'>ali-</span> 
     </span>
     <span class='ocr_line' id='line_1_4' title="bbox 195 646 878 742; baseline 0.007 -24"><span class='ocrx_word' id='word_1_13' title='bbox 195 657 228 718; x_wconf 88' lang='lat' dir='ltr'>bi</span> <span class='ocrx_word' id='word_1_14' title='bbox 238 679 249 735; x_wconf 69' lang='grc'>,’</span> <span class='ocrx_word' id='word_1_15' title='bbox 265 679 351 742; x_wconf 86' lang='lat' dir='ltr'>quam</span> <span class='ocrx_word' id='word_1_16' title='bbox 370 664 402 722; x_wconf 89' lang='lat' dir='ltr'>in</span> <span class='ocrx_word' id='word_1_17' title='bbox 421 664 510 739; x_wconf 87' lang='lat' dir='ltr'>acie,</span> <span class='ocrx_word' id='word_1_18' title='bbox 529 661 639 726; x_wconf 86' lang='lat' dir='ltr'>sortem</span> <span class='ocrx_word' id='word_1_19' title='bbox 659 646 788 723; x_wconf 66' lang='lat' dir='ltr'>enimam</span> <span class='ocrx_word' id='word_1_20' title='bbox 805 662 878 725; x_wconf 91' lang='lat' dir='ltr'>Deo</span> 
     </span>
     <span class='ocr_line' id='line_1_5' title="bbox 123 765 881 852; baseline 0.001 -26"><span class='ocrx_word' id='word_1_21' title='bbox 123 811 126 817; x_wconf 19' lang='grc' dir='ltr'><strong>Δ</strong></span> <span class='ocrx_word' id='word_1_22' title='bbox 195 765 330 834; x_wconf 81' lang='lat' dir='ltr'>reddere.</span> <span class='ocrx_word' id='word_1_23' title='bbox 342 766 408 830; x_wconf 87' lang='lat' dir='ltr'>Jam</span> <span class='ocrx_word' id='word_1_24' title='bbox 424 789 498 832; x_wconf 82' lang='lat' dir='ltr'>vero</span> <span class='ocrx_word' id='word_1_25' title='bbox 514 768 618 852; x_wconf 82' lang='lat' dir='ltr'>vulgus</span> <span class='ocrx_word' id='word_1_26' title='bbox 631 765 815 830; x_wconf 86' lang='lat' dir='ltr'>sacerdotum</span> <span class='ocrx_word' id='word_1_27' title='bbox 824 786 881 827; x_wconf 90' lang='lat' dir='ltr'>ne·</span> 
     </span>
     <span class='ocr_line' id='line_1_6' title="bbox 195 867 880 955; baseline -0.001 -24"><span class='ocrx_word' id='word_1_28' title='bbox 195 867 239 932; x_wconf 84' lang='lat' dir='ltr'>las</span> <span class='ocrx_word' id='word_1_29' title='bbox 254 871 311 934; x_wconf 85' lang='lat' dir='ltr'>esse</span> <span class='ocrx_word' id='word_1_30' title='bbox 325 872 485 948; x_wconf 82' lang='lat' dir='ltr'>ducens‚a</span> <span class='ocrx_word' id='word_1_31' title='bbox 500 871 653 955; x_wconf 83' lang='lat' dir='ltr'>praesulum</span> <span class='ocrx_word' id='word_1_32' title='bbox 668 870 786 934; x_wconf 87' lang='lat' dir='ltr'>suorum</span> <span class='ocrx_word' id='word_1_33' title='bbox 798 867 880 931; x_wconf 80' lang='lat' dir='ltr'>sanc·</span> 
     </span>
     <span class='ocr_line' id='line_1_7' title="bbox 194 960 1042 1060; baseline -0.004 -26"><span class='ocrx_word' id='word_1_34' title='bbox 194 976 317 1038; x_wconf 79' lang='lat' dir='ltr'>timonis</span> <span class='ocrx_word' id='word_1_35' title='bbox 335 976 534 1060; x_wconf 83' lang='lat' dir='ltr'>degenerare,</span> <span class='ocrx_word' id='word_1_36' title='bbox 553 995 627 1060; x_wconf 84' lang='lat' dir='ltr'>euge</span> <span class='ocrx_word' id='word_1_37' title='bbox 645 994 733 1056; x_wconf 85' lang='lat' dir='ltr'>quam</span> <span class='ocrx_word' id='word_1_38' title='bbox 752 973 881 1034; x_wconf 87' lang='lat' dir='ltr'>militari-</span> <span class='ocrx_word' id='word_1_39' title='bbox 925 989 932 1001; x_wconf 94' lang='lat'><strong>·</strong></span> <span class='ocrx_word' id='word_1_40' title='bbox 1036 960 1042 970; x_wconf 76' lang='grc'><strong><em>’</em></strong></span> 
     </span>
     <span class='ocr_line' id='line_1_8' title="bbox 192 1075 881 1163; baseline -0.004 -24"><span class='ocrx_word' id='word_1_41' title='bbox 192 1093 264 1155; x_wconf 85' lang='lat' dir='ltr'>tor,</span> <span class='ocrx_word' id='word_1_42' title='bbox 281 1101 335 1162; x_wconf 91' lang='lat' dir='ltr'>pro</span> <span class='ocrx_word' id='word_1_43' title='bbox 351 1080 415 1163; x_wconf 88' lang='lat' dir='ltr'>jure</span> <span class='ocrx_word' id='word_1_44' title='bbox 432 1081 631 1155; x_wconf 84' lang='lat' dir='ltr'>decimarum,</span> <span class='ocrx_word' id='word_1_45' title='bbox 647 1078 785 1153; x_wconf 88' lang='lat' dir='ltr'>ensibus,</span> <span class='ocrx_word' id='word_1_46' title='bbox 799 1075 881 1157; x_wconf 81' lang='lat' dir='ltr'>jacu-</span> 
     </span>
     <span class='ocr_line' id='line_1_9' title="bbox 195 1180 882 1269; baseline -0.004 -25"><span class='ocrx_word' id='word_1_47' title='bbox 195 1181 253 1259; x_wconf 85' lang='lat' dir='ltr'><strong>lis,</strong></span> <span class='ocrx_word' id='word_1_48' title='bbox 269 1183 363 1262; x_wconf 83' lang='lat' dir='ltr'>ssxis‚</span> <span class='ocrx_word' id='word_1_49' title='bbox 384 1189 524 1269; x_wconf 89' lang='lat' dir='ltr'>omnique</span> <span class='ocrx_word' id='word_1_50' title='bbox 543 1203 691 1246; x_wconf 87' lang='lat' dir='ltr'>armorum</span> <span class='ocrx_word' id='word_1_51' title='bbox 709 1183 741 1246; x_wconf 82' lang='lat' dir='ltr'>vi</span> <span class='ocrx_word' id='word_1_52' title='bbox 755 1180 882 1263; x_wconf 84' lang='lat' dir='ltr'>bellige-</span> 
     </span>
     <span class='ocr_line' id='line_1_10' title="bbox 195 1285 956 1370; baseline -0.001 -24"><span class='ocrx_word' id='word_1_53' title='bbox 195 1303 295 1349; x_wconf 79' lang='lat' dir='ltr'>rantur</span> <span class='ocrx_word' id='word_1_54' title='bbox 306 1291 314 1350; x_wconf 86' lang='lat' dir='ltr'>l</span> <span class='ocrx_word' id='word_1_55' title='bbox 326 1287 428 1370; x_wconf 82' lang='lat' dir='ltr'>Quam</span> <span class='ocrx_word' id='word_1_56' title='bbox 443 1289 490 1349; x_wconf 92' lang='lat' dir='ltr'>hic</span> <span class='ocrx_word' id='word_1_57' title='bbox 506 1289 632 1362; x_wconf 85' lang='lat' dir='ltr'>oculati,</span> <span class='ocrx_word' id='word_1_58' title='bbox 647 1288 672 1347; x_wconf 87' lang='lat' dir='ltr'>si</span> <span class='ocrx_word' id='word_1_59' title='bbox 686 1285 755 1368; x_wconf 90' lang='lat' dir='ltr'>quid</span> <span class='ocrx_word' id='word_1_60' title='bbox 774 1306 810 1348; x_wconf 83' lang='lat' dir='ltr'>ex</span> <span class='ocrx_word' id='word_1_61' title='bbox 825 1304 881 1346; x_wconf 83' lang='lat' dir='ltr'>ve·</span> <span class='ocrx_word' id='word_1_62' title='bbox 954 1303 956 1311; x_wconf 59' lang='lat'><strong>⁴</strong></span> 
     </span>
     <span class='ocr_line' id='line_1_11' title="bbox 195 1389 884 1476; baseline -0.003 -24"><span class='ocrx_word' id='word_1_63' title='bbox 195 1405 292 1454; x_wconf 85' lang='lat' dir='ltr'>terum</span> <span class='ocrx_word' id='word_1_64' title='bbox 309 1392 398 1456; x_wconf 87' lang='lat' dir='ltr'>literis</span> <span class='ocrx_word' id='word_1_65' title='bbox 413 1395 527 1476; x_wconf 83' lang='lat' dir='ltr'>possint</span> <span class='ocrx_word' id='word_1_66' title='bbox 547 1391 679 1466; x_wconf 89' lang='lat' dir='ltr'>elicere,</span> <span class='ocrx_word' id='word_1_67' title='bbox 698 1411 758 1473; x_wconf 83' lang='lat' dir='ltr'>quo</span> <span class='ocrx_word' id='word_1_68' title='bbox 778 1389 884 1472; x_wconf 89' lang='lat' dir='ltr'>plebe·</span> 
     </span>
     <span class='ocr_line' id='line_1_12' title="bbox 192 1494 884 1580; baseline -0.004 -22"><span class='ocrx_word' id='word_1_69' title='bbox 192 1495 291 1558; x_wconf 74' lang='lat' dir='ltr'>&#39;culam</span> <span class='ocrx_word' id='word_1_70' title='bbox 304 1498 456 1573; x_wconf 85' lang='lat' dir='ltr'>territent,</span> <span class='ocrx_word' id='word_1_71' title='bbox 472 1495 670 1580; x_wconf 84' lang='lat' dir='ltr'>&amp;plusquam</span> <span class='ocrx_word' id='word_1_72' title='bbox 685 1495 813 1557; x_wconf 82' lang='lat' dir='ltr'>decimas</span> <span class='ocrx_word' id='word_1_73' title='bbox 827 1494 884 1556; x_wconf 89' lang='lat' dir='ltr'>de·</span> 
     </span>
     <span class='ocr_line' id='line_1_13' title="bbox 112 1598 883 1662; baseline -0.009 0"><span class='ocrx_word' id='word_1_74' title='bbox 112 1625 117 1640; x_wconf 74' lang='lat'><strong><em>¹</em></strong></span> <span class='ocrx_word' id='word_1_75' title='bbox 193 1600 258 1662; x_wconf 86' lang='lat' dir='ltr'>beri</span> <span class='ocrx_word' id='word_1_76' title='bbox 277 1602 473 1662; x_wconf 76' lang='lat' dir='ltr'>convincant!</span> <span class='ocrx_word' id='word_1_77' title='bbox 485 1600 528 1661; x_wconf 89' lang='lat' dir='ltr'>At</span> <span class='ocrx_word' id='word_1_78' title='bbox 543 1601 662 1660; x_wconf 82' lang='lat' dir='ltr'>interim</span> <span class='ocrx_word' id='word_1_79' title='bbox 678 1619 741 1657; x_wconf 88' lang='lat' dir='ltr'>non</span> <span class='ocrx_word' id='word_1_80' title='bbox 756 1598 883 1660; x_wconf 84' lang='lat' dir='ltr'>venitin</span> 
     </span>
     <span class='ocr_line' id='line_1_14' title="bbox 195 1700 885 1785; baseline 0.004 -24"><span class='ocrx_word' id='word_1_81' title='bbox 195 1716 349 1776; x_wconf 84' lang='lat' dir='ltr'>mentem,</span> <span class='ocrx_word' id='word_1_82' title='bbox 363 1721 452 1784; x_wconf 74' lang='lat' dir='ltr'>quam</span> <span class='ocrx_word' id='word_1_83' title='bbox 467 1700 560 1763; x_wconf 81' lang='lat' dir='ltr'>multe</span> <span class='ocrx_word' id='word_1_84' title='bbox 572 1704 682 1782; x_wconf 85' lang='lat' dir='ltr'>passim</span> <span class='ocrx_word' id='word_1_85' title='bbox 700 1703 832 1785; x_wconf 86' lang='lat' dir='ltr'>legantur</span> <span class='ocrx_word' id='word_1_86' title='bbox 845 1703 885 1764; x_wconf 89' lang='lat' dir='ltr'>de</span> 
     </span>
     <span class='ocr_line' id='line_1_15' title="bbox 195 1802 884 1886; baseline -0.003 -20"><span class='ocrx_word' id='word_1_87' title='bbox 195 1803 296 1866; x_wconf 85' lang='lat' dir='ltr'>officio</span> <span class='ocrx_word' id='word_1_88' title='bbox 309 1849 319 1880; x_wconf 90' lang='lat'><strong>,</strong></span> <span class='ocrx_word' id='word_1_89' title='bbox 330 1804 412 1886; x_wconf 85' lang='lat' dir='ltr'>quod</span> <span class='ocrx_word' id='word_1_90' title='bbox 427 1803 469 1864; x_wconf 89' lang='lat' dir='ltr'>illi</span> <span class='ocrx_word' id='word_1_91' title='bbox 483 1803 612 1864; x_wconf 85' lang='lat' dir='ltr'>vicissim</span> <span class='ocrx_word' id='word_1_92' title='bbox 622 1802 755 1885; x_wconf 81' lang='lat' dir='ltr'>praesters</span> <span class='ocrx_word' id='word_1_93' title='bbox 768 1804 884 1886; x_wconf 88' lang='lat' dir='ltr'>populo</span> 
     </span>
     <span class='ocr_line' id='line_1_16' title="bbox 148 1905 885 1996; baseline 0 -26"><span class='ocrx_word' id='word_1_94' title='bbox 148 1927 150 1932; x_wconf 88' lang='lat'>·</span> <span class='ocrx_word' id='word_1_95' title='bbox 193 1907 332 1972; x_wconf 84' lang='lat' dir='ltr'>debeant.</span> <span class='ocrx_word' id='word_1_96' title='bbox 353 1905 419 1970; x_wconf 90' lang='lat' dir='ltr'>Nec</span> <span class='ocrx_word' id='word_1_97' title='bbox 437 1905 697 1970; x_wconf 83' lang='lat' dir='ltr'>saltemadmonet</span> <span class='ocrx_word' id='word_1_98' title='bbox 713 1923 885 1996; x_wconf 23' lang='lat' dir='ltr'>eosxvertex</span> 
     </span>
     <span class='ocr_line' id='line_1_17' title="bbox 190 2010 881 2093; baseline -0.007 -16"><span class='ocrx_word' id='word_1_99' title='bbox 190 2012 293 2088; x_wconf 81' lang='lat' dir='ltr'>rasus,</span> <span class='ocrx_word' id='word_1_100' title='bbox 318 2011 499 2075; x_wconf 85' lang='lat' dir='ltr'>sacerdotem</span> <span class='ocrx_word' id='word_1_101' title='bbox 520 2011 657 2074; x_wconf 84' lang='lat' dir='ltr'>omnibus</span> <span class='ocrx_word' id='word_1_102' title='bbox 677 2010 761 2093; x_wconf 90' lang='lat' dir='ltr'>hujus</span> <span class='ocrx_word' id='word_1_103' title='bbox 778 2011 881 2074; x_wconf 88' lang='lat' dir='ltr'>mundi</span> 
     </span>
     <span class='ocr_line' id='line_1_18' title="bbox 192 2115 885 2198; baseline 0 -20"><span class='ocrx_word' id='word_1_104' title='bbox 192 2117 398 2198; x_wconf 85' lang='lat' dir='ltr'>cupiditatibus</span> <span class='ocrx_word' id='word_1_105' title='bbox 418 2116 544 2179; x_wconf 81' lang='lat' dir='ltr'>liberum</span> <span class='ocrx_word' id='word_1_106' title='bbox 565 2115 622 2178; x_wconf 88' lang='lat' dir='ltr'>esse</span> <span class='ocrx_word' id='word_1_107' title='bbox 642 2132 808 2198; x_wconf 83' lang='lat' dir='ltr'>oportere,</span> <span class='ocrx_word' id='word_1_108' title='bbox 828 2138 885 2179; x_wconf 65' lang='lat' dir='ltr'>ne-</span> 
     </span>
     <span class='ocr_line' id='line_1_19' title="bbox 196 2199 885 2301; baseline 0.007 -22"><span class='ocrx_word' id='word_1_109' title='bbox 196 2238 254 2301; x_wconf 90' lang='lat' dir='ltr'>que</span> <span class='ocrx_word' id='word_1_110' title='bbox 271 2219 426 2300; x_wconf 85' lang='lat' dir='ltr'>quicquam</span> <span class='ocrx_word' id='word_1_111' title='bbox 441 2219 496 2277; x_wconf 85' lang='lat' dir='ltr'>nisi</span> <span class='ocrx_word' id='word_1_112' title='bbox 513 2199 638 2280; x_wconf 64' lang='lat' dir='ltr'>coelestis</span> <span class='ocrx_word' id='word_1_113' title='bbox 657 2220 803 2284; x_wconf 82' lang='lat' dir='ltr'>meditari.</span> <span class='ocrx_word' id='word_1_114' title='bbox 824 2219 885 2284; x_wconf 89' lang='lat' dir='ltr'>Sed</span> 
     </span>
     <span class='ocr_line' id='line_1_20' title="bbox 103 2317 887 2407; baseline 0 -22"><span class='ocrx_word' id='word_1_115' title='bbox 103 2398 108 2407; x_wconf 34' lang='grc' dir='ltr'>Ι</span> <span class='ocrx_word' id='word_1_116' title='bbox 197 2323 334 2385; x_wconf 86' lang='lat' dir='ltr'>homines</span> <span class='ocrx_word' id='word_1_117' title='bbox 346 2319 470 2393; x_wconf 82' lang='lat' dir='ltr'>suaves,</span> <span class='ocrx_word' id='word_1_118' title='bbox 483 2317 513 2380; x_wconf 89' lang='lat' dir='ltr'>se</span> <span class='ocrx_word' id='word_1_119' title='bbox 528 2319 579 2380; x_wconf 89' lang='lat' dir='ltr'>suo</span> <span class='ocrx_word' id='word_1_120' title='bbox 596 2321 694 2384; x_wconf 88' lang='lat' dir='ltr'>officio</span> <span class='ocrx_word' id='word_1_121' title='bbox 708 2325 803 2404; x_wconf 88' lang='lat' dir='ltr'>probe</span> <span class='ocrx_word' id='word_1_122' title='bbox 817 2345 887 2404; x_wconf 83' lang='lat' dir='ltr'>per·</span> 
     </span>
     <span class='ocr_line' id='line_1_21' title="bbox 199 2423 885 2505; baseline -0.007 -18"><span class='ocrx_word' id='word_1_123' title='bbox 199 2425 314 2488; x_wconf 71' lang='lat' dir='ltr'>fundos</span> <span class='ocrx_word' id='word_1_124' title='bbox 333 2427 439 2499; x_wconf 87' lang='lat' dir='ltr'>aiunt,</span> <span class='ocrx_word' id='word_1_125' title='bbox 465 2423 490 2484; x_wconf 88' lang='lat' dir='ltr'>si</span> <span class='ocrx_word' id='word_1_126' title='bbox 510 2423 642 2505; x_wconf 87' lang='lat' dir='ltr'>preculas</span> <span class='ocrx_word' id='word_1_127' title='bbox 665 2424 727 2485; x_wconf 84' lang='lat' dir='ltr'>illas</span> <span class='ocrx_word' id='word_1_128' title='bbox 751 2425 812 2485; x_wconf 84' lang='lat' dir='ltr'>suas</span> <span class='ocrx_word' id='word_1_129' title='bbox 834 2443 885 2488; x_wconf 63' lang='lat' dir='ltr'>ut,</span> 
     </span>
     <span class='ocr_line' id='line_1_22' title="bbox 188 2527 885 2613; baseline 0.003 -21"><span class='ocrx_word' id='word_1_130' title='bbox 188 2549 316 2613; x_wconf 30' lang='lat' dir='ltr'>‘cunque</span> <span class='ocrx_word' id='word_1_131' title='bbox 334 2527 612 2612; x_wconf 84' lang='lat' dir='ltr'>permurmurarint,</span> <span class='ocrx_word' id='word_1_132' title='bbox 630 2548 701 2609; x_wconf 86' lang='lat' dir='ltr'>quas</span> <span class='ocrx_word' id='word_1_133' title='bbox 719 2548 769 2590; x_wconf 87' lang='lat' dir='ltr'>me</span> <span class='ocrx_word' id='word_1_134' title='bbox 788 2529 885 2594; x_wconf 88' lang='lat' dir='ltr'>hercle</span> 
     </span>
     <span class='ocr_line' id='line_1_23' title="bbox 200 2630 888 2715; baseline -0.004 -20"><span class='ocrx_word' id='word_1_135' title='bbox 200 2635 351 2710; x_wconf 86' lang='lat' dir='ltr'>demiror,</span> <span class='ocrx_word' id='word_1_136' title='bbox 363 2635 387 2694; x_wconf 92' lang='lat' dir='ltr'>si</span> <span class='ocrx_word' id='word_1_137' title='bbox 402 2634 465 2715; x_wconf 86' lang='lat' dir='ltr'>quis</span> <span class='ocrx_word' id='word_1_138' title='bbox 479 2630 565 2693; x_wconf 81' lang='lat' dir='ltr'>Deus</span> <span class='ocrx_word' id='word_1_139' title='bbox 581 2632 632 2695; x_wconf 87' lang='lat' dir='ltr'>vel</span> <span class='ocrx_word' id='word_1_140' title='bbox 647 2633 763 2709; x_wconf 86' lang='lat' dir='ltr'>audiat,</span> <span class='ocrx_word' id='word_1_141' title='bbox 775 2637 826 2698; x_wconf 85' lang='lat' dir='ltr'>vel</span> <span class='ocrx_word' id='word_1_142' title='bbox 840 2640 888 2699; x_wconf 82' lang='lat' dir='ltr'>in..</span> 
     </span>
     <span class='ocr_line' id='line_1_24' title="bbox 200 2723 947 2822; baseline 0.005 -22"><span class='ocrx_word' id='word_1_143' title='bbox 200 2738 339 2822; x_wconf 75' lang='lat' dir='ltr'>redigat,</span> <span class='ocrx_word' id='word_1_144' title='bbox 357 2757 423 2798; x_wconf 88' lang='lat' dir='ltr'>cum</span> <span class='ocrx_word' id='word_1_145' title='bbox 440 2738 495 2818; x_wconf 86' lang='lat' dir='ltr'>ipsi</span> <span class='ocrx_word' id='word_1_146' title='bbox 516 2734 578 2799; x_wconf 84' lang='lat' dir='ltr'>sere</span> <span class='ocrx_word' id='word_1_147' title='bbox 596 2757 652 2800; x_wconf 87' lang='lat' dir='ltr'>nec</span> <span class='ocrx_word' id='word_1_148' title='bbox 671 2738 810 2816; x_wconf 84' lang='lat' dir='ltr'>audiant,</span> <span class='ocrx_word' id='word_1_149' title='bbox 829 2763 886 2804; x_wconf 84' lang='lat' dir='ltr'>neo</span> <span class='ocrx_word' id='word_1_150' title='bbox 934 2723 947 2738; x_wconf 14' lang='grc' dir='ltr'>λ’</span> 
     </span>
    </p>
   </div>
   <div class='ocr_carea' id='block_1_3' title="bbox 200 2843 884 2932">
    <p class='ocr_par' dir='ltr' id='par_1_3' title="bbox 200 2843 884 2932">
     <span class='ocr_line' id='line_1_25' title="bbox 200 2843 884 2932; baseline -0.003 -22"><span class='ocrx_word' id='word_1_151' title='bbox 200 2843 382 2928; x_wconf 77' lang='lat' dir='ltr'>intelligant,</span> <span class='ocrx_word' id='word_1_152' title='bbox 396 2857 460 2906; x_wconf 88' lang='lat' dir='ltr'>tum</span> <span class='ocrx_word' id='word_1_153' title='bbox 473 2860 540 2906; x_wconf 86' lang='lat' dir='ltr'>cum</span> <span class='ocrx_word' id='word_1_154' title='bbox 557 2860 605 2909; x_wconf 78' lang='lat' dir='ltr'>eos</span> <span class='ocrx_word' id='word_1_155' title='bbox 620 2862 673 2910; x_wconf 83' lang='lat' dir='ltr'>cre</span> <span class='ocrx_word' id='word_1_156' title='bbox 689 2843 884 2932; x_wconf 72' lang='lat' dir='ltr'>perstrepunt.</span> 
     </span>
    </p>
   </div>
   <div class='ocr_carea' id='block_1_4' title="bbox 0 0 1279 3850">
    <p class='ocr_par' dir='ltr' id='par_1_4' title="bbox 0 0 1279 3850">
     <span class='ocr_line' id='line_1_26' title="bbox 0 0 1279 3850; baseline 0 0"><span class='ocrx_word' id='word_1_157' title='bbox 0 0 1279 3850; x_wconf 95' lang='lat' dir='ltr'> </span> 
     </span>
    </p>
   </div>
  </div>
 </body>
</html>
