2504 3866
421 299 469 376 26
595 300 914 376 'Eucorrrurr

415 461 463 507 rer
475 442 639 508 sanslissimi
654 422 830 522 Positisicesj
848 445 997 531 postremo
1012 448 1097 506 torus

417 551 505 612 etiam
527 550 577 612 ille
599 549 735 615 Deorum
760 552 944 634 Pofe‘ticorum
970 563 1094 621 coetus,'

388 673 397 696 ·
415 653 493 715 adeo
513 652 677 738 frequens,
699 674 730 717 ut
748 656 862 726 turbam
880 657 929 718 vix
951 653 1011 734 jam
1033 651 1094 736 ipse

416 758 512 840 capiat
525 759 686 842 olympus,
704 763 820 828 tametsi
834 755 1065 844 spatiosissimum.

458 965 537 1029 XII.
550 967 602 1030 Ατ
618 966 684 1032 sane
702 993 804 1054 parum
822 971 858 1033 sir
874 970 944 1032 mihi
962 967 1028 1030 vitae
1047 964 1095 1026 sess

414 1075 572 1138 minarium
584 1095 616 1134 ac
629 1074 742 1156 fontem
757 1077 877 1149 deberi,
892 1047 946 1134 nisi
960 1066 1096 1154 quicquid

417 1181 449 1240 iu
461 1181 541 1238 omni
555 1179 613 1240 vita
624 1179 777 1240 ·c0mmodi
792 1177 855 1252 est,
877 1177 907 1236 i'd
921 1194 1037 1257 quoque
1049 1189 1098 1240 to·¹

415 1285 480 1356 lum
490 1281 646 1346 ostendero
659 1285 718 1348 mei
732 1273 856 1346 mulieris
868 1278 934 1342 elle.
951 1276 1035 1358 Quid
1047 1287 1100 1335 au-¹

417 1403 479 1450 tem
493 1389 554 1451 vita
571 1389 659 1460 haec,
679 1409 749 1450 num
765 1390 886 1449 omnino
904 1387 970 1448 vitar
982 1380 1098 1444 videtur·

417 1491 619 1572 appellanda,
647 1491 670 1545 si
695 1491 879 1565 voluptatem
906 1480 1098 1542 detraxeris?

417 1587 615 1672 Applausislis.
637 1584 782 1664 Equidem
801 1583 925 1644 sciebam
946 1584 1096 1644 neminem

413 1691 541 1754 vestrum
558 1692 598 1747 ita
614 1685 737 1764 sapere,
757 1686 807 1748 vel
827 1685 958 1768 desipere
975 1686 1067 1768 magis
1084 1699 1096 1760 ,¹

418 1793 480 1855 imo
494 1791 593 1874 sapere
606 1790 722 1871 potius,
739 1809 771 1853 ut
788 1793 816 1854 iu
830 1791 884 1855 hac
898 1791 967 1855 esset
982 1790 1096 1854 sentend
1164 1805 1168 1812 ·

415 1902 467 1961 tia.
490 1896 664 1976 Quanquam
681 1915 719 1955 ne
734 1897 824 1958 Stoici
839 1900 957 1978 quidem
976 1897 1018 1957 isti
1036 1917 1098 1962 voe

416 2001 557 2078 luptatem
570 1996 753 2077 aspernantur
767 2045 777 2074 ,
795 2001 912 2061 tametsi
924 1999 1024 2060 sedulo
1038 2001 1098 2060 diso·

416 2101 576 2177 simulant,
602 2097 738 2182 milleque
762 2103 900 2164 conviciis
922 2123 987 2166 eam
1013 2099 1097 2184 apurl

416 2205 519 2289 vulgus
541 2201 720 2281 dilacerant,
746 2207 878 2268 nimirum
898 2223 929 2270 ut
952 2207 1098 2270 deterritis

415 2312 503 2384 aliis,
525 2312 579 2392 ipsi
597 2311 732 2393 prolixius
754 2309 892 2372 fruamur.
913 2310 972 2372 Sed
997 2311 1096 2370 dicant

417 2417 487 2481 mihi
504 2436 556 2499 per
575 2415 702 2490 lovem,
724 2431 787 2501 quae
805 2415 924 2476 tandem
941 2415 1009 2476 vitae
1028 2431 1095 2495 pars

418 2521 460 2584 est
479 2544 539 2585 uon
557 2509 659 2592 tristie,
682 2541 742 2581 uon
757 2517 910 2595 infestum,
931 2541 991 2582 non
1011 2519 1095 2579 inve-

416 2625 523 2700 nusta,
544 2647 604 2688 non
625 2611 770 2706 insipidi,
792 2645 852 2684 non
872 2622 1016 2698 molesta,
1037 2620 1092 2686 nisi

418 2728 626 2808 voluptatem,
644 2728 673 2788 id
696 2725 760 2801 est,
780 2726 902 2792 stultitiae
921 2730 1096 2793 condimen·

415 2845 481 2898 tum
494 2827 678 2914 adjunxeris?
701 2829 793 2918 Cujus
805 2834 848 2898 rei
866 2854 934 2900 cum
951 2833 1015 2897 satia
1034 2826 1099 2908 ider*
