<?xml version="1.0" encoding="UTF-8"?>
<!DOCTYPE html PUBLIC "-//W3C//DTD XHTML 1.0 Transitional//EN"
    "http://www.w3.org/TR/xhtml1/DTD/xhtml1-transitional.dtd">
<html xmlns="http://www.w3.org/1999/xhtml" xml:lang="en" lang="en">
 <head>
  <title>
</title>
<meta http-equiv="Content-Type" content="text/html;charset=utf-8" />
  <meta name='ocr-system' content='tesseract 3.04.00' />
  <meta name='ocr-capabilities' content='ocr_page ocr_carea ocr_par ocr_line ocrx_word'/>
</head>
<body>
  <div class='ocr_page' id='page_1' title='image "./mriasenkmionstu00quergoog_0055.png"; bbox 0 0 2496 3876; ppageno 0'>
   <div class='ocr_carea' id='block_1_1' title="bbox 367 199 833 288">
    <p class='ocr_par' dir='ltr' id='par_1_1' title="bbox 367 199 833 288">
     <span class='ocr_line' id='line_1_1' title="bbox 367 199 833 288; baseline 0.006 -22"><span class='ocrx_word' id='word_1_1' title='bbox 367 199 613 269; x_wconf 68' lang='lat' dir='ltr'>Monin</span> <span class='ocrx_word' id='word_1_2' title='bbox 783 204 833 288; x_wconf 56' lang='lat' dir='ltr'>n</span> 
     </span>
    </p>
   </div>
   <div class='ocr_carea' id='block_1_2' title="bbox 153 337 887 1048">
    <p class='ocr_par' dir='ltr' id='par_1_2' title="bbox 153 337 887 1048">
     <span class='ocr_line' id='line_1_2' title="bbox 153 337 887 421; baseline -0.01 -14"><span class='ocrx_word' id='word_1_3' title='bbox 153 341 209 407; x_wconf 75' lang='lat' dir='ltr'>uiin</span> <span class='ocrx_word' id='word_1_4' title='bbox 224 387 234 421; x_wconf 92' lang='lat'>,</span> <span class='ocrx_word' id='word_1_5' title='bbox 254 342 305 405; x_wconf 84' lang='lat' dir='ltr'>vei</span> <span class='ocrx_word' id='word_1_6' title='bbox 320 341 358 401; x_wconf 85' lang='lat' dir='ltr'>ad</span> <span class='ocrx_word' id='word_1_7' title='bbox 373 359 558 404; x_wconf 85' lang='lat' dir='ltr'>communem</span> <span class='ocrx_word' id='word_1_8' title='bbox 569 343 634 402; x_wconf 85' lang='lat' dir='ltr'>vitae</span> <span class='ocrx_word' id='word_1_9' title='bbox 647 337 836 403; x_wconf 85' lang='lat' dir='ltr'>consuetudi·</span> <span class='ocrx_word' id='word_1_10' title='bbox 881 339 887 358; x_wconf 74' lang='lat'><strong>¹</strong></span> 
     </span>
     <span class='ocr_line' id='line_1_3' title="bbox 155 443 836 524; baseline -0.003 -14"><span class='ocrx_word' id='word_1_11' title='bbox 155 468 225 510; x_wconf 88' lang='lat' dir='ltr'>nem</span> <span class='ocrx_word' id='word_1_12' title='bbox 237 443 372 507; x_wconf 76' lang='lat' dir='ltr'>¹festiuior</span> <span class='ocrx_word' id='word_1_13' title='bbox 381 489 393 517; x_wconf 93' lang='lat'>,</span> <span class='ocrx_word' id='word_1_14' title='bbox 410 443 459 506; x_wconf 84' lang='lat' dir='ltr'>vel</span> <span class='ocrx_word' id='word_1_15' title='bbox 477 464 540 524; x_wconf 78' lang='lat' dir='ltr'>quae</span> <span class='ocrx_word' id='word_1_16' title='bbox 554 447 647 506; x_wconf 87' lang='lat' dir='ltr'>minus</span> <span class='ocrx_word' id='word_1_17' title='bbox 668 446 768 508; x_wconf 80' lang='lat' dir='ltr'>sentiat</span> <span class='ocrx_word' id='word_1_18' title='bbox 788 444 836 508; x_wconf 85' lang='lat' dir='ltr'>se·</span> 
     </span>
     <span class='ocr_line' id='line_1_4' title="bbox 156 545 832 630; baseline -0.003 -17"><span class='ocrx_word' id='word_1_19' title='bbox 156 549 279 613; x_wconf 71' lang='lat' dir='ltr'>neumis</span> <span class='ocrx_word' id='word_1_20' title='bbox 286 547 433 610; x_wconf 85' lang='lat' dir='ltr'>tristitiam.</span> <span class='ocrx_word' id='word_1_21' title='bbox 443 548 496 609; x_wconf 89' lang='lat' dir='ltr'>His</span> <span class='ocrx_word' id='word_1_22' title='bbox 509 545 625 630; x_wconf 89' lang='lat' dir='ltr'>quidem</span> <span class='ocrx_word' id='word_1_23' title='bbox 634 593 644 624; x_wconf 86' lang='lat'>‚</span> <span class='ocrx_word' id='word_1_24' title='bbox 654 567 686 609; x_wconf 87' lang='lat' dir='ltr'>ut</span> <span class='ocrx_word' id='word_1_25' title='bbox 697 551 764 611; x_wconf 88' lang='lat' dir='ltr'>loco</span> <span class='ocrx_word' id='word_1_26' title='bbox 773 597 783 626; x_wconf 91' lang='lat'>,</span> <span class='ocrx_word' id='word_1_27' title='bbox 792 553 832 612; x_wconf 85' lang='lat' dir='ltr'>ita</span> 
     </span>
     <span class='ocr_line' id='line_1_5' title="bbox 154 650 832 729; baseline 0.004 -14"><span class='ocrx_word' id='word_1_28' title='bbox 154 655 192 715; x_wconf 67' lang='grc' dir='ltr'>ὃ(</span> <span class='ocrx_word' id='word_1_29' title='bbox 207 656 273 718; x_wconf 82' lang='lat' dir='ltr'>vitae</span> <span class='ocrx_word' id='word_1_30' title='bbox 291 651 438 729; x_wconf 82' lang='lat' dir='ltr'>instituto,</span> <span class='ocrx_word' id='word_1_31' title='bbox 454 650 585 716; x_wconf 80' lang='lat' dir='ltr'>confines</span> <span class='ocrx_word' id='word_1_32' title='bbox 607 651 670 714; x_wconf 86' lang='lat' dir='ltr'>sunt</span> <span class='ocrx_word' id='word_1_33' title='bbox 693 653 832 718; x_wconf 83' lang='lat' dir='ltr'>Hollandi</span> 
     </span>
     <span class='ocr_line' id='line_1_6' title="bbox 156 752 833 840; baseline -0.003 -20"><span class='ocrx_word' id='word_1_34' title='bbox 156 758 236 834; x_wconf 77' lang='lat' dir='ltr'>mei:</span> <span class='ocrx_word' id='word_1_35' title='bbox 253 779 302 820; x_wconf 88' lang='lat' dir='ltr'>cur</span> <span class='ocrx_word' id='word_1_36' title='bbox 322 761 401 819; x_wconf 86' lang='lat' dir='ltr'>enim</span> <span class='ocrx_word' id='word_1_37' title='bbox 419 780 481 819; x_wconf 89' lang='lat' dir='ltr'>non</span> <span class='ocrx_word' id='word_1_38' title='bbox 497 777 582 820; x_wconf 81' lang='lat' dir='ltr'>meos</span> <span class='ocrx_word' id='word_1_39' title='bbox 600 752 771 840; x_wconf 81' lang='lat' dir='ltr'>appellem,</span> <span class='ocrx_word' id='word_1_40' title='bbox 787 758 833 818; x_wconf 84' lang='lat' dir='ltr'>us-</span> 
     </span>
     <span class='ocr_line' id='line_1_7' title="bbox 155 859 832 944; baseline 0.006 -22"><span class='ocrx_word' id='word_1_41' title='bbox 155 883 214 944; x_wconf 85' lang='lat' dir='ltr'>que</span> <span class='ocrx_word' id='word_1_42' title='bbox 233 863 308 924; x_wconf 79' lang='lat' dir='ltr'>adeo</span> <span class='ocrx_word' id='word_1_43' title='bbox 325 859 466 922; x_wconf 84' lang='lat' dir='ltr'>studiosos</span> <span class='ocrx_word' id='word_1_44' title='bbox 483 863 544 922; x_wconf 87' lang='lat' dir='ltr'>mei</span> <span class='ocrx_word' id='word_1_45' title='bbox 559 862 704 936; x_wconf 72' lang='lat' dir='ltr'>cultores,</span> <span class='ocrx_word' id='word_1_46' title='bbox 720 879 751 922; x_wconf 91' lang='lat' dir='ltr'>ut</span> <span class='ocrx_word' id='word_1_47' title='bbox 765 861 832 926; x_wconf 75' lang='lat' dir='ltr'>inde</span> 
     </span>
     <span class='ocr_line' id='line_1_8' title="bbox 154 964 832 1048; baseline 0.004 -22"><span class='ocrx_word' id='word_1_48' title='bbox 154 966 245 1048; x_wconf 81' lang='lat' dir='ltr'>vulgo</span> <span class='ocrx_word' id='word_1_49' title='bbox 258 973 428 1048; x_wconf 75' lang='lat' dir='ltr'>tegnonien</span> <span class='ocrx_word' id='word_1_50' title='bbox 448 967 649 1030; x_wconf 70' lang='lat' dir='ltr'>emeruerint?</span> <span class='ocrx_word' id='word_1_51' title='bbox 669 964 749 1048; x_wconf 87' lang='lat' dir='ltr'>cujus</span> <span class='ocrx_word' id='word_1_52' title='bbox 768 968 832 1029; x_wconf 85' lang='lat' dir='ltr'>illos</span> 
     </span>
    </p>
   </div>
   <div class='ocr_carea' id='block_1_3' title="bbox 109 1069 860 2717">
    <p class='ocr_par' dir='ltr' id='par_1_3' title="bbox 109 1069 860 2717">
     <span class='ocr_line' id='line_1_9' title="bbox 153 1069 831 1155; baseline 0.007 -25"><span class='ocrx_word' id='word_1_53' title='bbox 153 1069 232 1131; x_wconf 80' lang='lat' dir='ltr'>adeo.</span> <span class='ocrx_word' id='word_1_54' title='bbox 256 1074 316 1132; x_wconf 86' lang='lat' dir='ltr'>non</span> <span class='ocrx_word' id='word_1_55' title='bbox 340 1071 453 1152; x_wconf 83' lang='lat' dir='ltr'>pudet,</span> <span class='ocrx_word' id='word_1_56' title='bbox 473 1087 505 1132; x_wconf 87' lang='lat' dir='ltr'>ut</span> <span class='ocrx_word' id='word_1_57' title='bbox 528 1071 593 1132; x_wconf 85' lang='lat' dir='ltr'>hinc</span> <span class='ocrx_word' id='word_1_58' title='bbox 614 1072 664 1135; x_wconf 83' lang='lat' dir='ltr'>vel</span> <span class='ocrx_word' id='word_1_59' title='bbox 686 1074 831 1155; x_wconf 72' lang='lat' dir='ltr'>praecipue</span> 
     </span>
     <span class='ocr_line' id='line_1_10' title="bbox 150 1171 831 1255; baseline 0.01 -21"><span class='ocrx_word' id='word_1_60' title='bbox 150 1172 211 1236; x_wconf 77' lang='lat' dir='ltr'>i&#39;ese</span> <span class='ocrx_word' id='word_1_61' title='bbox 229 1171 369 1255; x_wconf 63' lang='lat' dir='ltr'>jaiiitent.</span> <span class='ocrx_word' id='word_1_62' title='bbox 387 1174 462 1236; x_wconf 85' lang='lat' dir='ltr'>Eant</span> <span class='ocrx_word' id='word_1_63' title='bbox 480 1198 557 1238; x_wconf 91' lang='lat' dir='ltr'>nunc</span> <span class='ocrx_word' id='word_1_64' title='bbox 577 1176 729 1240; x_wconf 85' lang='lat' dir='ltr'>stultissimi</span> <span class='ocrx_word' id='word_1_65' title='bbox 747 1200 831 1241; x_wconf 88' lang='lat' dir='ltr'><strong>mor-</strong></span> 
     </span>
     <span class='ocr_line' id='line_1_11' title="bbox 149 1279 830 1358; baseline 0.009 -20"><span class='ocrx_word' id='word_1_66' title='bbox 149 1279 224 1340; x_wconf 78' lang='lat' dir='ltr'>tales</span> <span class='ocrx_word' id='word_1_67' title='bbox 236 1323 245 1354; x_wconf 92' lang='lat'><strong>‚</strong></span> <span class='ocrx_word' id='word_1_68' title='bbox 256 1281 288 1341; x_wconf 87' lang='lat'>&amp;</span> <span class='ocrx_word' id='word_1_69' title='bbox 304 1280 449 1355; x_wconf 85' lang='lat' dir='ltr'>Medeas,</span> <span class='ocrx_word' id='word_1_70' title='bbox 466 1279 586 1356; x_wconf 82' lang='lat' dir='ltr'>Circes,</span> <span class='ocrx_word' id='word_1_71' title='bbox 600 1281 752 1358; x_wconf 82' lang='lat' dir='ltr'>Veneres,</span> <span class='ocrx_word' id='word_1_72' title='bbox 766 1282 830 1344; x_wconf 88' lang='lat' dir='ltr'>Au·</span> 
     </span>
     <span class='ocr_line' id='line_1_12' title="bbox 109 1383 831 1472; baseline 0.006 -28"><span class='ocrx_word' id='word_1_73' title='bbox 109 1383 112 1390; x_wconf 81' lang='lat'>&#39;</span> <span class='ocrx_word' id='word_1_74' title='bbox 148 1405 254 1460; x_wconf 68' lang='lat' dir='ltr'>roras,</span> <span class='ocrx_word' id='word_1_75' title='bbox 270 1384 302 1446; x_wconf 88' lang='lat'>&amp;</span> <span class='ocrx_word' id='word_1_76' title='bbox 317 1385 432 1447; x_wconf 79' lang='lat' dir='ltr'>fontem</span> <span class='ocrx_word' id='word_1_77' title='bbox 446 1384 542 1448; x_wconf 90' lang='lat' dir='ltr'>nescio</span> <span class='ocrx_word' id='word_1_78' title='bbox 561 1407 650 1470; x_wconf 86' lang='lat' dir='ltr'>quem</span> <span class='ocrx_word' id='word_1_79' title='bbox 664 1389 831 1472; x_wconf 74' lang='lat' dir='ltr'>requirant3</span> 
     </span>
     <span class='ocr_line' id='line_1_13' title="bbox 147 1488 828 1572; baseline 0.004 -22"><span class='ocrx_word' id='word_1_80' title='bbox 147 1510 212 1572; x_wconf 83' lang='lat' dir='ltr'>quo</span> <span class='ocrx_word' id='word_1_81' title='bbox 228 1489 282 1552; x_wconf 87' lang='lat' dir='ltr'>sibi</span> <span class='ocrx_word' id='word_1_82' title='bbox 298 1488 450 1572; x_wconf 77' lang='lat' dir='ltr'>juventam</span> <span class='ocrx_word' id='word_1_83' title='bbox 465 1489 631 1568; x_wconf 84' lang='lat' dir='ltr'>restituant,</span> <span class='ocrx_word' id='word_1_84' title='bbox 644 1515 711 1554; x_wconf 80' lang='lat' dir='ltr'>cum</span> <span class='ocrx_word' id='word_1_85' title='bbox 724 1493 754 1553; x_wconf 90' lang='lat' dir='ltr'>id</span> <span class='ocrx_word' id='word_1_86' title='bbox 766 1493 828 1553; x_wconf 83' lang='lat' dir='ltr'>sola</span> 
     </span>
     <span class='ocr_line' id='line_1_14' title="bbox 145 1590 860 1676; baseline 0.008 -26"><span class='ocrx_word' id='word_1_87' title='bbox 145 1591 283 1672; x_wconf 82' lang='lat' dir='ltr'>praestare</span> <span class='ocrx_word' id='word_1_88' title='bbox 303 1595 336 1654; x_wconf 74' lang='grc' dir='ltr'>δι</span> <span class='ocrx_word' id='word_1_89' title='bbox 356 1598 468 1672; x_wconf 84' lang='lat' dir='ltr'>possim</span> <span class='ocrx_word' id='word_1_90' title='bbox 484 1597 517 1654; x_wconf 73' lang='grc' dir='ltr'>δι</span> <span class='ocrx_word' id='word_1_91' title='bbox 532 1596 652 1656; x_wconf 62' lang='lat' dir='ltr'>soleam»</span> <span class='ocrx_word' id='word_1_92' title='bbox 673 1595 764 1676; x_wconf 83' lang='lat' dir='ltr'>Apud</span> <span class='ocrx_word' id='word_1_93' title='bbox 779 1615 828 1656; x_wconf 87' lang='lat' dir='ltr'>me</span> <span class='ocrx_word' id='word_1_94' title='bbox 856 1590 860 1599; x_wconf 73' lang='lat'>&#39;</span> 
     </span>
     <span class='ocr_line' id='line_1_15' title="bbox 151 1691 830 1772; baseline 0.001 -18"><span class='ocrx_word' id='word_1_95' title='bbox 151 1693 252 1754; x_wconf 78' lang='lat' dir='ltr'>succus</span> <span class='ocrx_word' id='word_1_96' title='bbox 273 1691 313 1753; x_wconf 89' lang='lat' dir='ltr'>est</span> <span class='ocrx_word' id='word_1_97' title='bbox 331 1694 380 1752; x_wconf 80' lang='lat' dir='ltr'>ilie</span> <span class='ocrx_word' id='word_1_98' title='bbox 400 1695 559 1766; x_wconf 85' lang='lat' dir='ltr'>mirificus,</span> <span class='ocrx_word' id='word_1_99' title='bbox 575 1717 637 1772; x_wconf 85' lang='lat' dir='ltr'>quo</span> <span class='ocrx_word' id='word_1_100' title='bbox 659 1697 830 1756; x_wconf 88' lang='lat' dir='ltr'>Memnonis</span> 
     </span>
     <span class='ocr_line' id='line_1_16' title="bbox 148 1791 831 1877; baseline 0 -21"><span class='ocrx_word' id='word_1_101' title='bbox 148 1795 213 1856; x_wconf 73' lang='lat' dir='ltr'>filia</span> <span class='ocrx_word' id='word_1_102' title='bbox 228 1794 352 1855; x_wconf 82' lang='lat' dir='ltr'>Tithoni</span> <span class='ocrx_word' id='word_1_103' title='bbox 368 1795 415 1855; x_wconf 81' lang='lat' dir='ltr'>avi</span> <span class='ocrx_word' id='word_1_104' title='bbox 430 1791 471 1854; x_wconf 90' lang='lat' dir='ltr'>sui</span> <span class='ocrx_word' id='word_1_105' title='bbox 483 1791 635 1875; x_wconf 77' lang='lat' dir='ltr'>juventam</span> <span class='ocrx_word' id='word_1_106' title='bbox 649 1799 831 1877; x_wconf 84' lang='lat' dir='ltr'>prorogavit.</span> 
     </span>
     <span class='ocr_line' id='line_1_17' title="bbox 151 1887 830 1982; baseline 0.003 -21"><span class='ocrx_word' id='word_1_107' title='bbox 151 1898 219 1982; x_wconf 85' lang='lat' dir='ltr'>Ego</span> <span class='ocrx_word' id='word_1_108' title='bbox 237 1898 298 1960; x_wconf 86' lang='lat' dir='ltr'>sum</span> <span class='ocrx_word' id='word_1_109' title='bbox 318 1887 420 1960; x_wconf 82' lang='lat' dir='ltr'>Venus</span> <span class='ocrx_word' id='word_1_110' title='bbox 439 1899 487 1960; x_wconf 87' lang='lat' dir='ltr'>illa</span> <span class='ocrx_word' id='word_1_111' title='bbox 504 1894 587 1976; x_wconf 78' lang='lat' dir='ltr'>eujus</span> <span class='ocrx_word' id='word_1_112' title='bbox 605 1897 708 1962; x_wconf 67' lang='lat' dir='ltr'>fav‘ore</span> <span class='ocrx_word' id='word_1_113' title='bbox 729 1898 830 1963; x_wconf 88' lang='lat' dir='ltr'>Phaon</span> 
     </span>
     <span class='ocr_line' id='line_1_18' title="bbox 149 2002 830 2088; baseline 0 -20"><span class='ocrx_word' id='word_1_114' title='bbox 149 2006 198 2070; x_wconf 84' lang='lat' dir='ltr'>ille</span> <span class='ocrx_word' id='word_1_115' title='bbox 209 2005 350 2088; x_wconf 65' lang='lat' dir='ltr'>&#39;repubuit</span> <span class='ocrx_word' id='word_1_116' title='bbox 360 2051 369 2080; x_wconf 91' lang='lat'>‚</span> <span class='ocrx_word' id='word_1_117' title='bbox 381 2006 422 2066; x_wconf 82' lang='lat' dir='ltr'>ita</span> <span class='ocrx_word' id='word_1_118' title='bbox 435 2021 467 2065; x_wconf 90' lang='lat' dir='ltr'>ut</span> <span class='ocrx_word' id='word_1_119' title='bbox 482 2026 499 2064; x_wconf 88' lang='lat' dir='ltr'>a</span> <span class='ocrx_word' id='word_1_120' title='bbox 517 2002 674 2086; x_wconf 84' lang='lat' dir='ltr'>Sapphone</span> <span class='ocrx_word' id='word_1_121' title='bbox 689 2021 830 2088; x_wconf 80' lang='lat' dir='ltr'>tantope-</span> 
     </span>
     <span class='ocr_line' id='line_1_19' title="bbox 150 2093 828 2192; baseline -0.001 -19"><span class='ocrx_word' id='word_1_122' title='bbox 150 2131 183 2173; x_wconf 82' lang='lat' dir='ltr'>re</span> <span class='ocrx_word' id='word_1_123' title='bbox 204 2112 397 2172; x_wconf 80' lang='lat' dir='ltr'>deamaretur.</span> <span class='ocrx_word' id='word_1_124' title='bbox 414 2109 493 2170; x_wconf 86' lang='lat' dir='ltr'>Meae</span> <span class='ocrx_word' id='word_1_125' title='bbox 507 2108 571 2170; x_wconf 84' lang='lat' dir='ltr'>sunt</span> <span class='ocrx_word' id='word_1_126' title='bbox 586 2108 684 2170; x_wconf 80' lang='lat' dir='ltr'>herbae</span> <span class='ocrx_word' id='word_1_127' title='bbox 695 2155 705 2184; x_wconf 93' lang='lat'><strong>,</strong></span> <span class='ocrx_word' id='word_1_128' title='bbox 717 2093 746 2170; x_wconf 86' lang='lat' dir='ltr'>¹si</span> <span class='ocrx_word' id='word_1_129' title='bbox 763 2133 828 2192; x_wconf 77' lang='lat' dir='ltr'>quae</span> 
     </span>
     <span class='ocr_line' id='line_1_20' title="bbox 149 2213 827 2296; baseline 0.001 -19"><span class='ocrx_word' id='word_1_130' title='bbox 149 2213 234 2289; x_wconf 71' lang='lat' dir='ltr'>unt,</span> <span class='ocrx_word' id='word_1_131' title='bbox 246 2231 312 2274; x_wconf 82' lang='lat' dir='ltr'>mea</span> <span class='ocrx_word' id='word_1_132' title='bbox 326 2214 514 2295; x_wconf 81' lang='lat' dir='ltr'>precamina,</span> <span class='ocrx_word' id='word_1_133' title='bbox 526 2233 607 2274; x_wconf 86' lang='lat' dir='ltr'>meus</span> <span class='ocrx_word' id='word_1_134' title='bbox 618 2213 668 2276; x_wconf 83' lang='lat' dir='ltr'>ille</span> <span class='ocrx_word' id='word_1_135' title='bbox 679 2214 746 2275; x_wconf 87' lang='lat' dir='ltr'>fons</span> <span class='ocrx_word' id='word_1_136' title='bbox 757 2260 767 2289; x_wconf 92' lang='lat'>‚</span> <span class='ocrx_word' id='word_1_137' title='bbox 778 2219 827 2296; x_wconf 90' lang='lat' dir='ltr'>qui</span> 
     </span>
     <span class='ocr_line' id='line_1_21' title="bbox 149 2317 826 2398; baseline -0.009 -16"><span class='ocrx_word' id='word_1_138' title='bbox 149 2341 210 2382; x_wconf 85' lang='lat' dir='ltr'>nou</span> <span class='ocrx_word' id='word_1_139' title='bbox 220 2319 312 2380; x_wconf 87' lang='lat' dir='ltr'>solum</span> <span class='ocrx_word' id='word_1_140' title='bbox 322 2330 442 2379; x_wconf 81' lang='lat' dir='ltr'>revocat</span> <span class='ocrx_word' id='word_1_141' title='bbox 452 2317 575 2398; x_wconf 80' lang='lat' dir='ltr'>elapsam</span> <span class='ocrx_word' id='word_1_142' title='bbox 586 2317 826 2390; x_wconf 78' lang='lat' dir='ltr'>adolescentiam,</span> 
     </span>
     <span class='ocr_line' id='line_1_22' title="bbox 150 2419 827 2506; baseline -0.004 -23"><span class='ocrx_word' id='word_1_143' title='bbox 150 2421 201 2483; x_wconf 84' lang='lat' dir='ltr'>sed</span> <span class='ocrx_word' id='word_1_144' title='bbox 212 2467 222 2498; x_wconf 89' lang='lat'><strong>,</strong></span> <span class='ocrx_word' id='word_1_145' title='bbox 235 2421 316 2506; x_wconf 90' lang='lat' dir='ltr'>quod</span> <span class='ocrx_word' id='word_1_146' title='bbox 331 2419 372 2482; x_wconf 81' lang='lat' dir='ltr'>est</span> <span class='ocrx_word' id='word_1_147' title='bbox 393 2419 567 2501; x_wconf 81' lang='lat' dir='ltr'>optabilius,</span> <span class='ocrx_word' id='word_1_148' title='bbox 581 2435 751 2500; x_wconf 86' lang='lat' dir='ltr'>perpetuam</span> <span class='ocrx_word' id='word_1_149' title='bbox 768 2419 827 2480; x_wconf 87' lang='lat' dir='ltr'>ser·</span> 
     </span>
     <span class='ocr_line' id='line_1_23' title="bbox 150 2521 827 2607; baseline -0.006 -19"><span class='ocrx_word' id='word_1_150' title='bbox 150 2542 211 2588; x_wconf 83' lang='lat' dir='ltr'>vat.</span> <span class='ocrx_word' id='word_1_151' title='bbox 230 2524 326 2607; x_wconf 90' lang='lat' dir='ltr'>Quod</span> <span class='ocrx_word' id='word_1_152' title='bbox 345 2525 368 2584; x_wconf 82' lang='lat' dir='ltr'>¹si</span> <span class='ocrx_word' id='word_1_153' title='bbox 385 2542 489 2585; x_wconf 86' lang='lat' dir='ltr'>omnes</span> <span class='ocrx_word' id='word_1_154' title='bbox 506 2523 573 2582; x_wconf 84' lang='lat' dir='ltr'>huic</span> <span class='ocrx_word' id='word_1_155' title='bbox 591 2521 738 2584; x_wconf 66' lang='lat' dir='ltr'>sententie</span> <span class='ocrx_word' id='word_1_156' title='bbox 757 2523 827 2584; x_wconf 83' lang='lat' dir='ltr'>sub-</span> 
     </span>
     <span class='ocr_line' id='line_1_24' title="bbox 148 2625 826 2717; baseline -0.012 -21"><span class='ocrx_word' id='word_1_157' title='bbox 148 2630 293 2702; x_wconf 77' lang='lat' dir='ltr'>scribitis,</span> <span class='ocrx_word' id='word_1_158' title='bbox 312 2627 504 2717; x_wconf 72' lang='lat' dir='ltr'>adoiescentia</span> <span class='ocrx_word' id='word_1_159' title='bbox 524 2625 593 2686; x_wconf 90' lang='lat' dir='ltr'>nihil</span> <span class='ocrx_word' id='word_1_160' title='bbox 620 2625 675 2687; x_wconf 82' lang='lat' dir='ltr'>effe</span> <span class='ocrx_word' id='word_1_161' title='bbox 698 2627 826 2704; x_wconf 85' lang='lat' dir='ltr'>melius,</span> 
     </span>
    </p>
   </div>
   <div class='ocr_carea' id='block_1_4' title="bbox 148 2728 823 2898">
    <p class='ocr_par' dir='ltr' id='par_1_4' title="bbox 148 2728 823 2898">
     <span class='ocr_line' id='line_1_25' title="bbox 148 2728 823 2820; baseline -0.007 -22"><span class='ocrx_word' id='word_1_162' title='bbox 148 2731 293 2800; x_wconf 60' lang='lat' dir='ltr'>senefiute</span> <span class='ocrx_word' id='word_1_163' title='bbox 310 2728 520 2820; x_wconf 77' lang='lat' dir='ltr'>detestabilius,</span> <span class='ocrx_word' id='word_1_164' title='bbox 532 2747 668 2812; x_wconf 77' lang='lat' dir='ltr'>quantum</span> <span class='ocrx_word' id='word_1_165' title='bbox 686 2732 755 2792; x_wconf 86' lang='lat' dir='ltr'>mihi</span> <span class='ocrx_word' id='word_1_166' title='bbox 771 2731 823 2806; x_wconf 58' lang='lat' dir='ltr'>dt:</span> 
     </span>
     <span class='ocr_line' id='line_1_26' title="bbox 693 2834 721 2898; baseline 0 0"><span class='ocrx_word' id='word_1_167' title='bbox 693 2834 721 2898; x_wconf 85' lang='lat' dir='ltr'>C</span> 
     </span>
    </p>
   </div>
   <div class='ocr_carea' id='block_1_5' title="bbox 0 0 1252 3876">
    <p class='ocr_par' dir='ltr' id='par_1_5' title="bbox 0 0 1252 3876">
     <span class='ocr_line' id='line_1_27' title="bbox 0 0 1252 3876; baseline 0 2"><span class='ocrx_word' id='word_1_168' title='bbox 0 0 1252 3876; x_wconf 95' lang='lat' dir='ltr'> </span> 
     </span>
    </p>
   </div>
  </div>
 </body>
</html>
