<?xml version="1.0" encoding="UTF-8"?>
<!DOCTYPE html PUBLIC "-//W3C//DTD XHTML 1.0 Transitional//EN"
    "http://www.w3.org/TR/xhtml1/DTD/xhtml1-transitional.dtd">
<html xmlns="http://www.w3.org/1999/xhtml" xml:lang="en" lang="en">
 <head>
  <title>
</title>
<meta http-equiv="Content-Type" content="text/html;charset=utf-8" />
  <meta name='ocr-system' content='tesseract 3.04.00' />
  <meta name='ocr-capabilities' content='ocr_page ocr_carea ocr_par ocr_line ocrx_word'/>
</head>
<body>
  <div class='ocr_page' id='page_1' title='image "./mriasenkmionstu00quergoog_0167.png"; bbox 0 0 2524 3850; ppageno 0'>
   <div class='ocr_carea' id='block_1_1' title="bbox 9 2857 38 2902">
    <p class='ocr_par' dir='ltr' id='par_1_1' title="bbox 9 2857 38 2902">
     <span class='ocr_line' id='line_1_1' title="bbox 9 2857 38 2902; baseline 0 -4"><span class='ocrx_word' id='word_1_1' title='bbox 9 2857 38 2902; x_wconf 54' lang='grc' dir='ltr'><strong><em>Ψ</em></strong></span> 
     </span>
    </p>
   </div>
   <div class='ocr_carea' id='block_1_2' title="bbox 195 227 936 2735">
    <p class='ocr_par' dir='ltr' id='par_1_2' title="bbox 195 227 936 2735">
     <span class='ocr_line' id='line_1_2' title="bbox 416 227 885 325; baseline 0.006 -28"><span class='ocrx_word' id='word_1_2' title='bbox 416 227 679 302; x_wconf 58' lang='lat' dir='ltr'><strong>Monam</strong></span> <span class='ocrx_word' id='word_1_3' title='bbox 808 241 885 325; x_wconf 52' lang='lat' dir='ltr'><strong>tm</strong></span> 
     </span>
     <span class='ocr_line' id='line_1_3' title="bbox 198 351 886 448; baseline -0.003 -19"><span class='ocrx_word' id='word_1_4' title='bbox 198 367 256 429; x_wconf 86' lang='lat' dir='ltr'><strong>¹sint</strong></span> <span class='ocrx_word' id='word_1_5' title='bbox 266 363 392 441; x_wconf 81' lang='lat' dir='ltr'><strong>,intime</strong></span> <span class='ocrx_word' id='word_1_6' title='bbox 408 362 507 440; x_wconf 83' lang='lat' dir='ltr'><strong>lanei3</strong></span> <span class='ocrx_word' id='word_1_7' title='bbox 521 351 636 427; x_wconf 32' lang='lat' dir='ltr'><strong>rursum*</strong></span> <span class='ocrx_word' id='word_1_8' title='bbox 646 364 717 427; x_wconf 85' lang='lat' dir='ltr'><strong>alios</strong></span> <span class='ocrx_word' id='word_1_9' title='bbox 731 361 780 448; x_wconf 85' lang='lat' dir='ltr'><strong>qui</strong></span> <span class='ocrx_word' id='word_1_10' title='bbox 793 383 886 448; x_wconf 90' lang='lat' dir='ltr'><strong>pecu·</strong></span> 
     </span>
     <span class='ocr_line' id='line_1_4' title="bbox 199 467 884 547; baseline -0.004 -14"><span class='ocrx_word' id='word_1_11' title='bbox 199 472 255 533; x_wconf 80' lang='lat' dir='ltr'><strong>niae</strong></span> <span class='ocrx_word' id='word_1_12' title='bbox 272 467 459 546; x_wconf 66' lang='lat' dir='ltr'><strong>comestum,</strong></span> <span class='ocrx_word' id='word_1_13' title='bbox 477 489 531 532; x_wconf 89' lang='lat' dir='ltr'><strong>ceu</strong></span> <span class='ocrx_word' id='word_1_14' title='bbox 545 469 712 542; x_wconf 85' lang='lat' dir='ltr'>aconitum,</span> <span class='ocrx_word' id='word_1_15' title='bbox 725 470 884 547; x_wconf 83' lang='lat' dir='ltr'>horreant,</span> 
     </span>
     <span class='ocr_line' id='line_1_5' title="bbox 199 564 885 651; baseline 0.004 -16"><span class='ocrx_word' id='word_1_16' title='bbox 199 595 257 636; x_wconf 87' lang='lat' dir='ltr'><strong>nec</strong></span> <span class='ocrx_word' id='word_1_17' title='bbox 272 595 288 635; x_wconf 86' lang='lat' dir='ltr'><strong>a</strong></span> <span class='ocrx_word' id='word_1_18' title='bbox 303 575 373 638; x_wconf 86' lang='lat' dir='ltr'><strong>vino</strong></span> <span class='ocrx_word' id='word_1_19' title='bbox 392 574 507 637; x_wconf 79' lang='lat' dir='ltr'><strong>interim</strong></span> <span class='ocrx_word' id='word_1_20' title='bbox 519 620 529 651; x_wconf 95' lang='lat'><strong>,</strong></span> <span class='ocrx_word' id='word_1_21' title='bbox 543 595 600 636; x_wconf 92' lang='lat' dir='ltr'><strong>nec</strong></span> <span class='ocrx_word' id='word_1_22' title='bbox 613 595 631 635; x_wconf 89' lang='lat' dir='ltr'><strong>a</strong></span> <span class='ocrx_word' id='word_1_23' title='bbox 642 564 796 635; x_wconf 79' lang='lat' dir='ltr'><strong>mulierum</strong></span> <span class='ocrx_word' id='word_1_24' title='bbox 809 597 885 638; x_wconf 88' lang='lat' dir='ltr'><strong>con·</strong></span> 
     </span>
     <span class='ocr_line' id='line_1_6' title="bbox 199 675 883 762; baseline 0.006 -24"><span class='ocrx_word' id='word_1_25' title='bbox 199 675 276 738; x_wconf 68' lang='lat' dir='ltr'><strong>tutin</strong></span> <span class='ocrx_word' id='word_1_26' title='bbox 296 695 505 762; x_wconf 79' lang='lat' dir='ltr'><strong>temperantes.</strong></span> <span class='ocrx_word' id='word_1_27' title='bbox 529 679 669 762; x_wconf 87' lang='lat' dir='ltr'><strong>Denique</strong></span> <span class='ocrx_word' id='word_1_28' title='bbox 690 680 795 740; x_wconf 88' lang='lat' dir='ltr'><strong>mirum</strong></span> <span class='ocrx_word' id='word_1_29' title='bbox 814 701 883 742; x_wconf 89' lang='lat' dir='ltr'><strong>om-</strong></span> 
     </span>
     <span class='ocr_line' id='line_1_7' title="bbox 198 783 883 868; baseline 0.001 -24"><span class='ocrx_word' id='word_1_30' title='bbox 198 783 283 844; x_wconf 90' lang='lat' dir='ltr'><strong>nibus</strong></span> <span class='ocrx_word' id='word_1_31' title='bbox 304 783 453 858; x_wconf 84' lang='lat' dir='ltr'><strong>studium,</strong></span> <span class='ocrx_word' id='word_1_32' title='bbox 474 785 604 868; x_wconf 86' lang='lat' dir='ltr'><strong>nequid</strong></span> <span class='ocrx_word' id='word_1_33' title='bbox 625 787 656 844; x_wconf 92' lang='lat' dir='ltr'><strong>in</strong></span> <span class='ocrx_word' id='word_1_34' title='bbox 680 784 793 846; x_wconf 86' lang='lat' dir='ltr'><strong>ratione</strong></span> <span class='ocrx_word' id='word_1_35' title='bbox 813 785 883 846; x_wconf 76' lang='lat' dir='ltr'><strong>vitae</strong></span> 
     </span>
     <span class='ocr_line' id='line_1_8' title="bbox 198 884 887 962; baseline -0.003 -13"><span class='ocrx_word' id='word_1_36' title='bbox 198 890 367 950; x_wconf 80' lang='lat' dir='ltr'><strong>conveniat.</strong></span> <span class='ocrx_word' id='word_1_37' title='bbox 383 885 448 948; x_wconf 89' lang='lat' dir='ltr'><strong>Nec</strong></span> <span class='ocrx_word' id='word_1_38' title='bbox 463 887 535 948; x_wconf 88' lang='lat' dir='ltr'><strong>illud</strong></span> <span class='ocrx_word' id='word_1_39' title='bbox 551 885 645 948; x_wconf 87' lang='lat' dir='ltr'><strong>studio</strong></span> <span class='ocrx_word' id='word_1_40' title='bbox 662 886 722 962; x_wconf 89' lang='lat' dir='ltr'><strong>est,</strong></span> <span class='ocrx_word' id='word_1_41' title='bbox 735 903 766 947; x_wconf 89' lang='lat' dir='ltr'><strong>ut</strong></span> <span class='ocrx_word' id='word_1_42' title='bbox 784 884 887 948; x_wconf 88' lang='lat' dir='ltr'><strong>Chris-</strong></span> 
     </span>
     <span class='ocr_line' id='line_1_9' title="bbox 198 987 883 1066; baseline 0.001 -15"><span class='ocrx_word' id='word_1_43' title='bbox 198 997 231 1052; x_wconf 73' lang='lat' dir='ltr'><strong>to&#39;</strong></span> <span class='ocrx_word' id='word_1_44' title='bbox 249 989 357 1052; x_wconf 87' lang='lat' dir='ltr'>similes</span> <span class='ocrx_word' id='word_1_45' title='bbox 373 989 450 1066; x_wconf 89' lang='lat' dir='ltr'><strong>sint,</strong></span> <span class='ocrx_word' id='word_1_46' title='bbox 466 987 516 1052; x_wconf 91' lang='lat' dir='ltr'><strong>sed</strong></span> <span class='ocrx_word' id='word_1_47' title='bbox 534 1007 566 1051; x_wconf 91' lang='lat' dir='ltr'><strong>ut</strong></span> <span class='ocrx_word' id='word_1_48' title='bbox 582 991 656 1052; x_wconf 87' lang='lat' dir='ltr'><strong>inter</strong></span> <span class='ocrx_word' id='word_1_49' title='bbox 673 991 703 1052; x_wconf 88' lang='lat' dir='ltr'><strong>se</strong></span> <span class='ocrx_word' id='word_1_50' title='bbox 720 989 883 1052; x_wconf 55' lang='lat' dir='ltr'><strong>dissimiles,</strong></span> 
     </span>
     <span class='ocr_line' id='line_1_10' title="bbox 198 1091 885 1179; baseline 0.003 -25"><span class='ocrx_word' id='word_1_51' title='bbox 198 1092 292 1156; x_wconf 87' lang='lat' dir='ltr'>Porro</span> <span class='ocrx_word' id='word_1_52' title='bbox 307 1113 413 1176; x_wconf 84' lang='lat' dir='ltr'><strong>magna</strong></span> <span class='ocrx_word' id='word_1_53' title='bbox 425 1091 571 1156; x_wconf 78' lang='lat' dir='ltr'><strong>felicitatis</strong></span> <span class='ocrx_word' id='word_1_54' title='bbox 585 1115 651 1177; x_wconf 86' lang='lat' dir='ltr'><strong>pars</strong></span> <span class='ocrx_word' id='word_1_55' title='bbox 667 1093 752 1159; x_wconf 87' lang='lat' dir='ltr'><strong>estin</strong></span> <span class='ocrx_word' id='word_1_56' title='bbox 770 1117 885 1179; x_wconf 84' lang='lat' dir='ltr'><strong>cogno-</strong></span> 
     </span>
     <span class='ocr_line' id='line_1_11' title="bbox 197 1193 885 1284; baseline 0.001 -24"><span class='ocrx_word' id='word_1_57' title='bbox 197 1202 322 1274; x_wconf 84' lang='lat' dir='ltr'><strong>mentis,</strong></span> <span class='ocrx_word' id='word_1_58' title='bbox 336 1199 407 1259; x_wconf 89' lang='lat' dir='ltr'><strong>dum</strong></span> <span class='ocrx_word' id='word_1_59' title='bbox 417 1200 448 1258; x_wconf 88' lang='lat' dir='ltr'><strong>hi</strong></span> <span class='ocrx_word' id='word_1_60' title='bbox 457 1193 607 1282; x_wconf 78' lang='lat' dir='ltr'><strong>Funigerns</strong></span> <span class='ocrx_word' id='word_1_61' title='bbox 619 1199 758 1281; x_wconf 81' lang='lat' dir='ltr'><strong>appellari</strong></span> <span class='ocrx_word' id='word_1_62' title='bbox 770 1197 798 1262; x_wconf 90' lang='lat' dir='ltr'><strong>se</strong></span> <span class='ocrx_word' id='word_1_63' title='bbox 810 1222 885 1284; x_wconf 71' lang='lat' dir='ltr'><strong>gau«</strong></span> 
     </span>
     <span class='ocr_line' id='line_1_12' title="bbox 198 1301 889 1378; baseline 0.006 -16"><span class='ocrx_word' id='word_1_64' title='bbox 198 1302 291 1378; x_wconf 89' lang='lat' dir='ltr'><strong>dent,</strong></span> <span class='ocrx_word' id='word_1_65' title='bbox 311 1303 344 1363; x_wconf 90' lang='lat'>&amp;</span> <span class='ocrx_word' id='word_1_66' title='bbox 363 1303 439 1362; x_wconf 83' lang='lat' dir='ltr'><strong>inter</strong></span> <span class='ocrx_word' id='word_1_67' title='bbox 455 1301 509 1362; x_wconf 87' lang='lat' dir='ltr'><strong>hos</strong></span> <span class='ocrx_word' id='word_1_68' title='bbox 529 1301 576 1362; x_wconf 86' lang='lat' dir='ltr'><strong>alii</strong></span> <span class='ocrx_word' id='word_1_69' title='bbox 595 1305 729 1378; x_wconf 67' lang='lat' dir='ltr'><strong>Celeus,</strong></span> <span class='ocrx_word' id='word_1_70' title='bbox 750 1303 797 1365; x_wconf 89' lang='lat' dir='ltr'><strong>alii</strong></span> <span class='ocrx_word' id='word_1_71' title='bbox 816 1308 889 1367; x_wconf 60' lang='lat' dir='ltr'><strong>Mi-x</strong></span> 
     </span>
     <span class='ocr_line' id='line_1_13' title="bbox 197 1405 881 1490; baseline 0.003 -20"><span class='ocrx_word' id='word_1_72' title='bbox 197 1430 295 1482; x_wconf 84' lang='lat' dir='ltr'><strong>nores,</strong></span> <span class='ocrx_word' id='word_1_73' title='bbox 310 1407 360 1467; x_wconf 86' lang='lat' dir='ltr'><strong>alii</strong></span> <span class='ocrx_word' id='word_1_74' title='bbox 372 1408 527 1481; x_wconf 78' lang='lat' dir='ltr'><strong>Minimas,</strong></span> <span class='ocrx_word' id='word_1_75' title='bbox 543 1405 590 1466; x_wconf 89' lang='lat' dir='ltr'><strong>alii</strong></span> <span class='ocrx_word' id='word_1_76' title='bbox 603 1406 738 1490; x_wconf 79' lang='lat' dir='ltr'><strong>Bullistas</strong></span> <span class='ocrx_word' id='word_1_77' title='bbox 750 1409 881 1473; x_wconf 85' lang='lat' dir='ltr'><strong>:rursum</strong></span> 
     </span>
     <span class='ocr_line' id='line_1_14' title="bbox 195 1511 882 1587; baseline 0.003 -15"><span class='ocrx_word' id='word_1_78' title='bbox 195 1511 226 1572; x_wconf 92' lang='lat' dir='ltr'><strong>hi</strong></span> <span class='ocrx_word' id='word_1_79' title='bbox 242 1513 455 1586; x_wconf 77' lang='lat' dir='ltr'><strong>Beneditiinos‚</strong></span> <span class='ocrx_word' id='word_1_80' title='bbox 472 1511 514 1572; x_wconf 88' lang='lat' dir='ltr'><strong>illi</strong></span> <span class='ocrx_word' id='word_1_81' title='bbox 534 1513 746 1587; x_wconf 69' lang='lat' dir='ltr'><strong>Btrnardinos,</strong></span> <span class='ocrx_word' id='word_1_82' title='bbox 763 1514 793 1573; x_wconf 89' lang='lat' dir='ltr'><strong>hi</strong></span> <span class='ocrx_word' id='word_1_83' title='bbox 813 1518 882 1575; x_wconf 84' lang='lat' dir='ltr'><strong>Bri-</strong></span> 
     </span>
     <span class='ocr_line' id='line_1_15' title="bbox 195 1595 936 1698; baseline 0.003 -25"><span class='ocrx_word' id='word_1_84' title='bbox 195 1615 318 1696; x_wconf 81' lang='lat' dir='ltr'><strong>gidenses</strong></span> <span class='ocrx_word' id='word_1_85' title='bbox 328 1657 338 1684; x_wconf 92' lang='lat'><strong>,</strong></span> <span class='ocrx_word' id='word_1_86' title='bbox 350 1614 397 1670; x_wconf 79' lang='lat' dir='ltr'><strong>&#39;illi</strong></span> <span class='ocrx_word' id='word_1_87' title='bbox 418 1613 647 1692; x_wconf 78' lang='lat' dir='ltr'><strong>Augustinenses,</strong></span> <span class='ocrx_word' id='word_1_88' title='bbox 663 1613 694 1673; x_wconf 91' lang='lat' dir='ltr'><strong>hi</strong></span> <span class='ocrx_word' id='word_1_89' title='bbox 713 1595 883 1675; x_wconf 66' lang='lat' dir='ltr'><strong>Guillzelini-</strong></span> <span class='ocrx_word' id='word_1_90' title='bbox 935 1691 936 1698; x_wconf 9' lang='grc' dir='ltr'>ἵ</span> 
     </span>
     <span class='ocr_line' id='line_1_16' title="bbox 197 1714 882 1794; baseline 0.001 -17"><span class='ocrx_word' id='word_1_91' title='bbox 197 1735 263 1789; x_wconf 77' lang='lat' dir='ltr'><strong>tas,</strong></span> <span class='ocrx_word' id='word_1_92' title='bbox 279 1714 321 1773; x_wconf 88' lang='lat' dir='ltr'><strong>illi</strong></span> <span class='ocrx_word' id='word_1_93' title='bbox 339 1715 483 1776; x_wconf 80' lang='lat' dir='ltr'><strong>Jacobitas</strong></span> <span class='ocrx_word' id='word_1_94' title='bbox 493 1757 505 1783; x_wconf 95' lang='lat'><strong>,</strong></span> <span class='ocrx_word' id='word_1_95' title='bbox 519 1716 601 1793; x_wconf 83' lang='lat' dir='ltr'><strong>quasi</strong></span> <span class='ocrx_word' id='word_1_96' title='bbox 623 1735 698 1774; x_wconf 87' lang='lat' dir='ltr'><strong>vero</strong></span> <span class='ocrx_word' id='word_1_97' title='bbox 722 1737 824 1794; x_wconf 84' lang='lat' dir='ltr'><strong>patum</strong></span> <span class='ocrx_word' id='word_1_98' title='bbox 845 1719 882 1778; x_wconf 88' lang='lat' dir='ltr'><strong>sit</strong></span> 
     </span>
     <span class='ocr_line' id='line_1_17' title="bbox 198 1813 882 1901; baseline 0.006 -23"><span class='ocrx_word' id='word_1_99' title='bbox 198 1817 257 1878; x_wconf 88' lang='lat' dir='ltr'><strong>dici</strong></span> <span class='ocrx_word' id='word_1_100' title='bbox 277 1813 464 1878; x_wconf 84' lang='lat' dir='ltr'><strong>Christianos.</strong></span> <span class='ocrx_word' id='word_1_101' title='bbox 489 1815 605 1877; x_wconf 89' lang='lat' dir='ltr'><strong>Horum</strong></span> <span class='ocrx_word' id='word_1_102' title='bbox 628 1837 734 1901; x_wconf 84' lang='lat' dir='ltr'><strong>magna</strong></span> <span class='ocrx_word' id='word_1_103' title='bbox 761 1841 826 1901; x_wconf 86' lang='lat' dir='ltr'><strong>pars</strong></span> <span class='ocrx_word' id='word_1_104' title='bbox 850 1824 882 1882; x_wconf 93' lang='lat' dir='ltr'><strong>in</strong></span> 
     </span>
     <span class='ocr_line' id='line_1_18' title="bbox 196 1920 880 1987; baseline 0.001 -1"><span class='ocrx_word' id='word_1_105' title='bbox 196 1939 309 1986; x_wconf 87' lang='lat' dir='ltr'><strong>tantum</strong></span> <span class='ocrx_word' id='word_1_106' title='bbox 332 1920 386 1980; x_wconf 89' lang='lat' dir='ltr'><strong>suis</strong></span> <span class='ocrx_word' id='word_1_107' title='bbox 411 1921 510 1980; x_wconf 86' lang='lat' dir='ltr'><strong>nititur</strong></span> <span class='ocrx_word' id='word_1_108' title='bbox 528 1924 707 1982; x_wconf 69' lang='lat' dir='ltr'><strong>ceremoniis</strong></span> <span class='ocrx_word' id='word_1_109' title='bbox 727 1924 760 1984; x_wconf 88' lang='lat'>&amp;</span> <span class='ocrx_word' id='word_1_110' title='bbox 780 1924 880 1987; x_wconf 88' lang='lat' dir='ltr'><strong>homi-</strong></span> 
     </span>
     <span class='ocr_line' id='line_1_19' title="bbox 195 2022 878 2106; baseline 0.003 -16"><span class='ocrx_word' id='word_1_111' title='bbox 195 2049 266 2090; x_wconf 89' lang='lat' dir='ltr'><strong>num</strong></span> <span class='ocrx_word' id='word_1_112' title='bbox 281 2022 505 2099; x_wconf 82' lang='lat' dir='ltr'><strong>traditiunculis,</strong></span> <span class='ocrx_word' id='word_1_113' title='bbox 518 2041 550 2085; x_wconf 90' lang='lat' dir='ltr'><strong>ut</strong></span> <span class='ocrx_word' id='word_1_114' title='bbox 565 2041 649 2106; x_wconf 91' lang='lat' dir='ltr'><strong>putet</strong></span> <span class='ocrx_word' id='word_1_115' title='bbox 666 2037 756 2088; x_wconf 86' lang='lat' dir='ltr'><strong>unum</strong></span> <span class='ocrx_word' id='word_1_116' title='bbox 772 2029 878 2092; x_wconf 91' lang='lat' dir='ltr'><strong>coelum</strong></span> 
     </span>
     <span class='ocr_line' id='line_1_20' title="bbox 196 2127 880 2215; baseline 0.007 -24"><span class='ocrx_word' id='word_1_117' title='bbox 196 2151 301 2214; x_wconf 85' lang='lat' dir='ltr'><strong>parum</strong></span> <span class='ocrx_word' id='word_1_118' title='bbox 324 2129 443 2208; x_wconf 83' lang='lat' dir='ltr'><strong>dignum</strong></span> <span class='ocrx_word' id='word_1_119' title='bbox 469 2127 525 2188; x_wconf 82' lang='lat' dir='ltr'><strong>esse</strong></span> <span class='ocrx_word' id='word_1_120' title='bbox 550 2133 636 2190; x_wconf 88' lang='lat' dir='ltr'><strong>tantis</strong></span> <span class='ocrx_word' id='word_1_121' title='bbox 666 2134 776 2193; x_wconf 89' lang='lat' dir='ltr'><strong>meritis</strong></span> <span class='ocrx_word' id='word_1_122' title='bbox 803 2157 880 2215; x_wconf 87' lang='lat' dir='ltr'><strong>prae·</strong></span> 
     </span>
     <span class='ocr_line' id='line_1_21' title="bbox 197 2229 880 2311; baseline 0.001 -14"><span class='ocrx_word' id='word_1_123' title='bbox 197 2237 309 2307; x_wconf 91' lang='lat' dir='ltr'><strong>mium,</strong></span> <span class='ocrx_word' id='word_1_124' title='bbox 325 2229 402 2290; x_wconf 88' lang='lat' dir='ltr'><strong>haud</strong></span> <span class='ocrx_word' id='word_1_125' title='bbox 417 2231 577 2311; x_wconf 85' lang='lat' dir='ltr'><strong>cogitantes</strong></span> <span class='ocrx_word' id='word_1_126' title='bbox 592 2230 720 2294; x_wconf 84' lang='lat' dir='ltr'><strong>futurum</strong></span> <span class='ocrx_word' id='word_1_127' title='bbox 732 2245 764 2295; x_wconf 82' lang='lat' dir='ltr'><strong>ut</strong></span> <span class='ocrx_word' id='word_1_128' title='bbox 778 2234 880 2298; x_wconf 87' lang='lat' dir='ltr'><strong>Chris-</strong></span> 
     </span>
     <span class='ocr_line' id='line_1_22' title="bbox 196 2333 880 2416; baseline 0 -15"><span class='ocrx_word' id='word_1_129' title='bbox 196 2357 264 2413; x_wconf 88' lang='lat' dir='ltr'><strong>tus,</strong></span> <span class='ocrx_word' id='word_1_130' title='bbox 283 2335 460 2416; x_wconf 84' lang='lat' dir='ltr'><strong>contemptis</strong></span> <span class='ocrx_word' id='word_1_131' title='bbox 477 2333 520 2392; x_wconf 91' lang='lat' dir='ltr'><strong>his</strong></span> <span class='ocrx_word' id='word_1_132' title='bbox 538 2335 695 2410; x_wconf 88' lang='lat' dir='ltr'><strong>omnibus,</strong></span> <span class='ocrx_word' id='word_1_133' title='bbox 711 2337 792 2398; x_wconf 88' lang='lat' dir='ltr'><strong>suum</strong></span> <span class='ocrx_word' id='word_1_134' title='bbox 809 2340 880 2402; x_wconf 90' lang='lat' dir='ltr'><strong>illud</strong></span> 
     </span>
     <span class='ocr_line' id='line_1_23' title="bbox 196 2440 881 2520; baseline -0.001 -17"><span class='ocrx_word' id='word_1_135' title='bbox 196 2445 233 2505; x_wconf 90' lang='lat' dir='ltr'><strong>sit</strong></span> <span class='ocrx_word' id='word_1_136' title='bbox 250 2440 397 2504; x_wconf 65' lang='lat' dir='ltr'><strong>exaiimus</strong></span> <span class='ocrx_word' id='word_1_137' title='bbox 414 2451 614 2520; x_wconf 79' lang='lat' dir='ltr'><strong>praeceptum,</strong></span> <span class='ocrx_word' id='word_1_138' title='bbox 628 2456 736 2519; x_wconf 87' lang='lat' dir='ltr'><strong>nempe</strong></span> <span class='ocrx_word' id='word_1_139' title='bbox 756 2441 881 2502; x_wconf 85' lang='lat' dir='ltr'><strong>charita-</strong></span> 
     </span>
     <span class='ocr_line' id='line_1_24' title="bbox 197 2523 879 2638; baseline 0.003 -30"><span class='ocrx_word' id='word_1_140' title='bbox 197 2523 245 2608; x_wconf 83' lang='lat' dir='ltr'><strong>tis.</strong></span> <span class='ocrx_word' id='word_1_141' title='bbox 259 2544 342 2609; x_wconf 78' lang='lat' dir='ltr'><strong>Alius</strong></span> <span class='ocrx_word' id='word_1_142' title='bbox 354 2541 509 2606; x_wconf 83' lang='lat' dir='ltr'><strong>ostentabit</strong></span> <span class='ocrx_word' id='word_1_143' title='bbox 521 2526 712 2638; x_wconf 73' lang='lat' dir='ltr'><strong>aqualiculum</strong></span> <span class='ocrx_word' id='word_1_144' title='bbox 722 2541 769 2628; x_wconf 91' lang='lat'><strong>(1)</strong></span> <span class='ocrx_word' id='word_1_145' title='bbox 779 2590 789 2620; x_wconf 94' lang='lat'><strong>,</strong></span> <span class='ocrx_word' id='word_1_146' title='bbox 798 2550 879 2610; x_wconf 91' lang='lat' dir='ltr'><strong>omni</strong></span> 
     </span>
     <span class='ocr_line' id='line_1_25' title="bbox 201 2709 880 2735; baseline 0.001 -1"><span class='ocrx_word' id='word_1_147' title='bbox 201 2709 880 2735; x_wconf 86' lang='lat'><em>--—----·-—-....</em></span> 
     </span>
    </p>
   </div>
   <div class='ocr_carea' id='block_1_3' title="bbox 184 2788 380 2844">
    <p class='ocr_par' dir='ltr' id='par_1_3' title="bbox 184 2788 380 2844">
     <span class='ocr_line' id='line_1_26' title="bbox 184 2788 380 2844; baseline -0.015 -11"><span class='ocrx_word' id='word_1_148' title='bbox 184 2789 187 2796; x_wconf 63' lang='lat'><strong>⁴</strong></span> <span class='ocrx_word' id='word_1_149' title='bbox 227 2792 265 2844; x_wconf 92' lang='grc' dir='ltr'><strong>(ι)</strong></span> <span class='ocrx_word' id='word_1_150' title='bbox 281 2788 380 2832; x_wconf 74' lang='lat' dir='ltr'><strong>Ventrem·</strong></span> 
     </span>
    </p>
   </div>
   <div class='ocr_carea' id='block_1_4' title="bbox 687 2862 755 2950">
    <p class='ocr_par' dir='ltr' id='par_1_4' title="bbox 687 2862 755 2950">
     <span class='ocr_line' id='line_1_27' title="bbox 687 2862 755 2950; baseline -0.015 -24"><span class='ocrx_word' id='word_1_151' title='bbox 687 2862 755 2950; x_wconf 74' lang='lat' dir='ltr'><strong>ntj</strong></span> 
     </span>
    </p>
   </div>
   <div class='ocr_carea' id='block_1_5' title="bbox 0 0 1266 3850">
    <p class='ocr_par' dir='ltr' id='par_1_5' title="bbox 0 0 1266 3850">
     <span class='ocr_line' id='line_1_28' title="bbox 0 0 1266 3850; baseline 0 0"><span class='ocrx_word' id='word_1_152' title='bbox 0 0 1266 3850; x_wconf 95' lang='lat' dir='ltr'><strong> </strong></span> 
     </span>
    </p>
   </div>
  </div>
 </body>
</html>
