2452 4386
519 245 772 316 Monta.
911 257 976 336 113

301 407 368 495 Ego
383 408 443 471 sunt
460 429 517 470 una
529 407 578 470 illa
591 377 736 481 Stultitia,
750 427 813 490 quae
827 425 931 470 omnes
943 427 981 469 ex

301 534 386 597 aequo
399 532 458 576 tant
472 519 569 598 par'ata
583 500 777 577 beneficentia
790 513 982 596 complanat.

344 719 491 785 XLVII.
512 721 593 786 Ntc
612 719 683 788 uota
698 739 820 796 moror,
839 739 893 784 nec
910 723 983 784 iras·

302 847 373 904 cor,
386 827 546 910 exposcens
561 829 707 910 piamina,
721 827 826 910 siquid
839 846 982 888 caeremo-

299 934 414 994 niarum
432 930 518 993 fuerit
540 929 767 1014 praetermissum.
791 929 856 992 Nec
876 932 987 1005 coelumv

300 1051 384 1097 terrae
403 1033 537 1111 misceo,
559 1038 583 1096 si
604 1037 693 1122 quis,
716 1034 832 1118 reliquis
855 1033 982 1096 invitatis

301 1133 393 1212 Diis,
416 1159 464 1200 me
487 1139 569 1201 dorni
588 1137 751 1222 relinquat,
771 1157 825 1202 nec
847 1140 982 1201 admittat

300 1244 338 1306 ad
361 1243 495 1305 nidorem
515 1243 595 1304 illum
612 1243 804 1306 viffimamm.
826 1242 904 1306 Nam
923 1266 980 1305 cae·

300 1364 431 1410 terorum
448 1339 584 1410 Deorum
602 1363 681 1408 tanta
701 1350 731 1409 in
751 1349 795 1408 his
816 1347 857 1410 est
875 1371 980 1410 moro-

300 1451 387 1529 sitas,
399 1468 431 1512 ut
446 1471 541 1535 prope
558 1447 650 1531 majus
669 1453 817 1535 sit'operae
835 1456 979 1534 pretium,

298 1572 386 1638 atque
405 1554 481 1617 adeo
499 1556 611 1628 tutius,
634 1555 700 1614 illos
720 1557 868 1638 negligere
891 1575 980 1637 quant

300 1655 411 1718 colere.
432 1654 694 1734 Quemadmodum
712 1656 775 1717 sunt
796 1659 829 1716 &
846 1659 981 1720 homines

301 1756 435 1822 nonnulli
456 1773 518 1816 tarn
537 1754 688 1831 difficiles,
706 1755 738 1817 &
759 1757 804 1820 ad,
816 1757 982 1825 laedendurn

204 1929 207 1936 ,
299 1859 468 1935 irritabiles,
481 1877 513 1920 ut
526 1857 686 1941 praestiterit
701 1881 753 1923 eos
766 1861 897 1945 prorsum
911 1863 982 1927 alie·

299 1967 432 2030 nissimos
449 1963 577 2040 habete,
590 1985 678 2047 quam
688 1962 858 2028 familiares.
874 1965 916 2028 At
927 1988 981 2030 ne-

299 2092 377 2146 mo,
394 2071 549 2150 inquiunt,
565 2067 696 2132 Stultitia
712 2069 868 2148 sacrificat,
882 2093 981 2156 neque

300 2172 445 2256 templum
468 2167 572 2232 statuit.
598 2171 743 2255 Equidem
770 2176 922 2252 demiror,
947 2193 980 2238 ut

301 2279 382 2355 dixi,
401 2274 533 2338 nonnihil
554 2275 627 2336 hanc
647 2279 892 2360 ingratitudinem.
910 2281 979 2342 Ve-

302 2404 366 2446 rum
384 2382 441 2442 hoc
457 2398 575 2464 quoque
593 2363 648 2461 pro
667 2401 734 2440 mea
753 2380 888 2443 facilitate
907 2382 980 2444 boni

301 2484 440 2560 consulo,
459 2503 622 2568 quanquam
638 2503 676 2544 ne
691 2483 753 2544 haec
770 2483 889 2566 quidem
902 2487 982 2549 desi-

295 2590 404 2652 derare
417 2589 538 2670 possim.
553 2585 636 2670 Quid
651 2589 731 2648 enim
745 2586 787 2648 est
803 2609 853 2649 cur
865 2589 980 2652 thuscu-

302 2696 364 2760 lum
375 2738 385 2768 ,
398 2707 447 2752 aut
462 2690 591 2764 molam,
610 2706 658 2751 aut
677 2691 811 2768 hircum,
832 2711 880 2754 aut
896 2695 977 2758 suem

302 2799 466 2884 requiram,
481 2814 548 2859 cum
562 2793 633 2859 mihi
646 2796 782 2860 mortales
797 2819 900 2864 omnes
913 2803 978 2865 ubi.

334 2930 341 2942 ,
418 2930 424 2938 .

342 2965 369 2994 υ
378 2944 419 2988 Μ.
