<?xml version="1.0" encoding="UTF-8"?>
<!DOCTYPE html PUBLIC "-//W3C//DTD XHTML 1.0 Transitional//EN"
    "http://www.w3.org/TR/xhtml1/DTD/xhtml1-transitional.dtd">
<html xmlns="http://www.w3.org/1999/xhtml" xml:lang="en" lang="en">
 <head>
  <title>
</title>
<meta http-equiv="Content-Type" content="text/html;charset=utf-8" />
  <meta name='ocr-system' content='tesseract 3.04.00' />
  <meta name='ocr-capabilities' content='ocr_page ocr_carea ocr_par ocr_line ocrx_word'/>
</head>
<body>
  <div class='ocr_page' id='page_1' title='image "./mriasenkmionstu00quergoog_0029.png"; bbox 0 0 2496 3876; ppageno 0'>
   <div class='ocr_carea' id='block_1_1' title="bbox 330 204 860 304">
    <p class='ocr_par' dir='ltr' id='par_1_1' title="bbox 330 204 860 304">
     <span class='ocr_line' id='line_1_1' title="bbox 330 204 860 304; baseline 0.004 -26"><span class='ocrx_word' id='word_1_1' title='bbox 330 204 533 280; x_wconf 75' lang='lat' dir='ltr'><em>Tnouu</em></span> <span class='ocrx_word' id='word_1_2' title='bbox 568 208 733 280; x_wconf 72' lang='lat' dir='ltr'><em>Mouo,</em></span> <span class='ocrx_word' id='word_1_3' title='bbox 835 231 860 304; x_wconf 88' lang='lat'><strong>7</strong></span> 
     </span>
    </p>
   </div>
   <div class='ocr_carea' id='block_1_2' title="bbox 124 345 970 2610">
    <p class='ocr_par' dir='ltr' id='par_1_2' title="bbox 183 345 970 1170">
     <span class='ocr_line' id='line_1_2' title="bbox 183 345 919 449; baseline 0.007 -30"><span class='ocrx_word' id='word_1_4' title='bbox 183 345 325 449; x_wconf 81' lang='lat' dir='ltr'><em>poffitnt.</em></span> <span class='ocrx_word' id='word_1_5' title='bbox 339 350 439 420; x_wconf 83' lang='lat' dir='ltr'><em>Porro</em></span> <span class='ocrx_word' id='word_1_6' title='bbox 456 355 628 424; x_wconf 88' lang='lat' dir='ltr'><em>nonnullos</em></span> <span class='ocrx_word' id='word_1_7' title='bbox 640 354 718 424; x_wconf 88' lang='lat' dir='ltr'><em>adeo</em></span> <span class='ocrx_word' id='word_1_8' title='bbox 726 350 862 448; x_wconf 73' lang='lat' dir='ltr'><em>praepofi</em></span> <span class='ocrx_word' id='word_1_9' title='bbox 902 385 919 448; x_wconf 54' lang='lat' dir='ltr'><em>s</em></span> 
     </span>
     <span class='ocr_line' id='line_1_3' title="bbox 190 463 884 570; baseline 0.001 -28"><span class='ocrx_word' id='word_1_10' title='bbox 190 495 252 542; x_wconf 83' lang='lat' dir='ltr'><em>tere</em></span> <span class='ocrx_word' id='word_1_11' title='bbox 263 471 419 568; x_wconf 77' lang='lat' dir='ltr'><em>religiofits</em></span> <span class='ocrx_word' id='word_1_12' title='bbox 442 473 552 565; x_wconf 73' lang='lat' dir='ltr'><em>uideas</em></span> <span class='ocrx_word' id='word_1_13' title='bbox 567 523 578 558; x_wconf 87' lang='lat'>,</span> <span class='ocrx_word' id='word_1_14' title='bbox 598 494 634 542; x_wconf 89' lang='lat' dir='ltr'><em>ut</em></span> <span class='ocrx_word' id='word_1_15' title='bbox 650 479 702 546; x_wconf 82' lang='lat' dir='ltr'><em>uel</em></span> <span class='ocrx_word' id='word_1_16' title='bbox 710 474 863 570; x_wconf 75' lang='lat' dir='ltr'><em>grauissi-</em></span> <span class='ocrx_word' id='word_1_17' title='bbox 879 463 884 476; x_wconf 57' lang='lat'><strong>⁴</strong></span> 
     </span>
     <span class='ocr_line' id='line_1_4' title="bbox 190 593 964 694; baseline 0 -32"><span class='ocrx_word' id='word_1_18' title='bbox 190 619 244 662; x_wconf 87' lang='lat' dir='ltr'><em>ma</em></span> <span class='ocrx_word' id='word_1_19' title='bbox 255 594 292 662; x_wconf 88' lang='lat' dir='ltr'><em>in</em></span> <span class='ocrx_word' id='word_1_20' title='bbox 307 593 457 694; x_wconf 76' lang='lat' dir='ltr'><em>Chrishtm</em></span> <span class='ocrx_word' id='word_1_21' title='bbox 472 595 615 666; x_wconf 82' lang='lat' dir='ltr'><em>conuitio</em></span> <span class='ocrx_word' id='word_1_22' title='bbox 624 593 734 687; x_wconf 82' lang='lat' dir='ltr'><em>feratu</em></span> <span class='ocrx_word' id='word_1_23' title='bbox 750 595 864 674; x_wconf 86' lang='lat' dir='ltr'><em>citius,</em></span> <span class='ocrx_word' id='word_1_24' title='bbox 959 653 964 662; x_wconf 89' lang='lat'>.</span> 
     </span>
     <span class='ocr_line' id='line_1_5' title="bbox 188 714 970 807; baseline 0.003 -24"><span class='ocrx_word' id='word_1_25' title='bbox 188 714 494 806; x_wconf 79' lang='lat' dir='ltr'><em>quampontificem,</em></span> <span class='ocrx_word' id='word_1_26' title='bbox 515 735 574 785; x_wconf 86' lang='lat' dir='ltr'><em>out</em></span> <span class='ocrx_word' id='word_1_27' title='bbox 584 715 761 807; x_wconf 72' lang='lat' dir='ltr'><em>principem</em></span> <span class='ocrx_word' id='word_1_28' title='bbox 772 715 866 785; x_wconf 83' lang='lat' dir='ltr'><em>levis-</em></span> <span class='ocrx_word' id='word_1_29' title='bbox 967 735 970 742; x_wconf 63' lang='lat'><strong>⁴</strong></span> 
     </span>
     <span class='ocr_line' id='line_1_6' title="bbox 189 833 871 930; baseline -0.001 -27"><span class='ocrx_word' id='word_1_30' title='bbox 189 833 270 904; x_wconf 89' lang='lat' dir='ltr'><em>simo</em></span> <span class='ocrx_word' id='word_1_31' title='bbox 280 851 282 853; x_wconf 80' lang='grc'><strong>’</strong></span> <span class='ocrx_word' id='word_1_32' title='bbox 283 834 364 926; x_wconf 85' lang='lat' dir='ltr'><em>joco</em></span> <span class='ocrx_word' id='word_1_33' title='bbox 389 833 530 930; x_wconf 77' lang='lat' dir='ltr'><em>aspergi,</em></span> <span class='ocrx_word' id='word_1_34' title='bbox 547 835 717 925; x_wconf 77' lang='lat' dir='ltr'><em>presertim</em></span> <span class='ocrx_word' id='word_1_35' title='bbox 738 834 768 903; x_wconf 90' lang='lat' dir='ltr'><em>si</em></span> <span class='ocrx_word' id='word_1_36' title='bbox 790 833 871 927; x_wconf 84' lang='lat' dir='ltr'><em>quid</em></span> 
     </span>
     <span class='ocr_line' id='line_1_7' title="bbox 191 949 871 1052; baseline -0.007 -26"><span class='ocrx_word' id='word_1_37' title='bbox 191 957 268 1048; x_wconf 70' lang='lat' dir='ltr'><em>opis</em></span> <span class='ocrx_word' id='word_1_38' title='bbox 281 950 326 1026; x_wconf 74' lang='lat' dir='ltr'><em>eoi</em></span> <span class='ocrx_word' id='word_1_39' title='bbox 348 951 471 1043; x_wconf 65' lang='grc' dir='ltr'><em>ἄλφιτα</em></span> <span class='ocrx_word' id='word_1_40' title='bbox 487 949 547 1052; x_wconf 90' lang='lat'><em>(1)</em></span> <span class='ocrx_word' id='word_1_41' title='bbox 571 953 695 1023; x_wconf 79' lang='lat' dir='ltr'><em>attinet.</em></span> <span class='ocrx_word' id='word_1_42' title='bbox 714 954 765 1022; x_wconf 84' lang='lat' dir='ltr'><em>At</em></span> <span class='ocrx_word' id='word_1_43' title='bbox 784 954 871 1023; x_wconf 86' lang='lat' dir='ltr'><em>enim</em></span> 
     </span>
     <span class='ocr_line' id='line_1_8' title="bbox 192 1074 871 1170; baseline 0 -26"><span class='ocrx_word' id='word_1_44' title='bbox 192 1075 250 1170; x_wconf 87' lang='lat' dir='ltr'><em>qui</em></span> <span class='ocrx_word' id='word_1_45' title='bbox 261 1078 343 1146; x_wconf 83' lang='lat' dir='ltr'><em>uitas</em></span> <span class='ocrx_word' id='word_1_46' title='bbox 356 1076 579 1161; x_wconf 78' lang='lat' dir='ltr'><em>hominumue</em></span> <span class='ocrx_word' id='word_1_47' title='bbox 596 1097 712 1162; x_wconf 87' lang='lat' dir='ltr'><em>taxat,</em></span> <span class='ocrx_word' id='word_1_48' title='bbox 725 1095 763 1146; x_wconf 85' lang='lat' dir='ltr'><em>ut</em></span> <span class='ocrx_word' id='word_1_49' title='bbox 774 1074 871 1146; x_wconf 81' lang='lat' dir='ltr'><em>neni·</em></span> 
     </span>
    </p>

    <p class='ocr_par' dir='ltr' id='par_1_3' title="bbox 124 1187 882 2610">
     <span class='ocr_line' id='line_1_9' title="bbox 124 1187 872 1299; baseline 0.001 -34"><span class='ocrx_word' id='word_1_50' title='bbox 124 1187 126 1192; x_wconf 40' lang='lat'><strong>¹</strong></span> <span class='ocrx_word' id='word_1_51' title='bbox 193 1221 265 1266; x_wconf 89' lang='lat' dir='ltr'><em>nem</em></span> <span class='ocrx_word' id='word_1_52' title='bbox 289 1197 423 1266; x_wconf 86' lang='lat' dir='ltr'><em>omniuo</em></span> <span class='ocrx_word' id='word_1_53' title='bbox 442 1196 632 1299; x_wconf 79' lang='lat' dir='ltr'><em>perstringat</em></span> <span class='ocrx_word' id='word_1_54' title='bbox 652 1196 872 1283; x_wconf 82' lang='lat' dir='ltr'><em>nominatim,</em></span> 
     </span>
     <span class='ocr_line' id='line_1_10' title="bbox 193 1315 872 1408; baseline 0.006 -25"><span class='ocrx_word' id='word_1_55' title='bbox 193 1315 296 1408; x_wconf 77' lang='lat' dir='ltr'><em>quaest)</em></span> <span class='ocrx_word' id='word_1_56' title='bbox 321 1335 426 1384; x_wconf 83' lang='lat' dir='ltr'><em>utrum</em></span> <span class='ocrx_word' id='word_1_57' title='bbox 450 1318 478 1385; x_wconf 86' lang='lat' dir='ltr'><em>is</em></span> <span class='ocrx_word' id='word_1_58' title='bbox 500 1318 635 1388; x_wconf 83' lang='lat' dir='ltr'><em>mordere</em></span> <span class='ocrx_word' id='word_1_59' title='bbox 655 1318 802 1402; x_wconf 82' lang='lat' dir='ltr'><em>uidetur,</em></span> <span class='ocrx_word' id='word_1_60' title='bbox 825 1342 872 1387; x_wconf 86' lang='lat' dir='ltr'><em>an</em></span> 
     </span>
     <span class='ocr_line' id='line_1_11' title="bbox 195 1435 874 1532; baseline 0.006 -28"><span class='ocrx_word' id='word_1_61' title='bbox 195 1435 299 1504; x_wconf 85' lang='lat' dir='ltr'><em>docere</em></span> <span class='ocrx_word' id='word_1_62' title='bbox 306 1435 417 1527; x_wconf 88' lang='lat' dir='ltr'><em>potius</em></span> <span class='ocrx_word' id='word_1_63' title='bbox 428 1461 466 1506; x_wconf 88' lang='lat' dir='ltr'><em>ac</em></span> <span class='ocrx_word' id='word_1_64' title='bbox 479 1438 627 1509; x_wconf 77' lang='lat' dir='ltr'><em>monere?</em></span> <span class='ocrx_word' id='word_1_65' title='bbox 635 1437 771 1532; x_wconf 80' lang='lat' dir='ltr'><em>Alioqui</em></span> <span class='ocrx_word' id='word_1_66' title='bbox 783 1457 874 1531; x_wconf 86' lang='lat' dir='ltr'><em>quot,</em></span> 
     </span>
     <span class='ocr_line' id='line_1_12' title="bbox 197 1555 876 1652; baseline 0.001 -26"><span class='ocrx_word' id='word_1_67' title='bbox 197 1556 335 1649; x_wconf 84' lang='lat' dir='ltr'><em>obsecro,</em></span> <span class='ocrx_word' id='word_1_68' title='bbox 346 1558 527 1628; x_wconf 82' lang='lat' dir='ltr'><em>nominibus</em></span> <span class='ocrx_word' id='word_1_69' title='bbox 538 1557 658 1652; x_wconf 80' lang='lat' dir='ltr'><em>ipsene</em></span> <span class='ocrx_word' id='word_1_70' title='bbox 669 1579 750 1630; x_wconf 89' lang='lat' dir='ltr'><em>taxo</em></span> <span class='ocrx_word' id='word_1_71' title='bbox 761 1555 777 1627; x_wconf 85' lang='lat'><strong><em>!</em></strong></span> <span class='ocrx_word' id='word_1_72' title='bbox 787 1556 876 1627; x_wconf 83' lang='lat' dir='ltr'><em>Pue-</em></span> 
     </span>
     <span class='ocr_line' id='line_1_13' title="bbox 198 1677 877 1768; baseline 0.001 -25"><span class='ocrx_word' id='word_1_73' title='bbox 198 1695 280 1744; x_wconf 85' lang='lat' dir='ltr'><strong><em>terea</em></strong></span> <span class='ocrx_word' id='word_1_74' title='bbox 291 1677 346 1766; x_wconf 86' lang='lat' dir='ltr'><em>qui</em></span> <span class='ocrx_word' id='word_1_75' title='bbox 361 1679 488 1750; x_wconf 79' lang='lat' dir='ltr'><em>nullum</em></span> <span class='ocrx_word' id='word_1_76' title='bbox 507 1678 673 1745; x_wconf 77' lang='lat' dir='ltr'><em>bominum</em></span> <span class='ocrx_word' id='word_1_77' title='bbox 684 1699 782 1768; x_wconf 82' lang='lat' dir='ltr'><em>genus</em></span> <span class='ocrx_word' id='word_1_78' title='bbox 795 1696 877 1764; x_wconf 81' lang='lat' dir='ltr'><em>pnt-</em></span> 
     </span>
     <span class='ocr_line' id='line_1_14' title="bbox 199 1786 881 1879; baseline -0.006 -15"><span class='ocrx_word' id='word_1_79' title='bbox 199 1793 363 1877; x_wconf 83' lang='lat' dir='ltr'><em>tetmittit‚</em></span> <span class='ocrx_word' id='word_1_80' title='bbox 375 1793 403 1863; x_wconf 84' lang='lat' dir='ltr'><em>is</em></span> <span class='ocrx_word' id='word_1_81' title='bbox 414 1793 500 1861; x_wconf 81' lang='lat' dir='ltr'><em>nutti</em></span> <span class='ocrx_word' id='word_1_82' title='bbox 513 1786 636 1860; x_wconf 83' lang='lat' dir='ltr'><em>homini</em></span> <span class='ocrx_word' id='word_1_83' title='bbox 648 1839 660 1875; x_wconf 90' lang='lat'>,</span> <span class='ocrx_word' id='word_1_84' title='bbox 673 1791 762 1861; x_wconf 82' lang='lat' dir='ltr'><em>uitiis</em></span> <span class='ocrx_word' id='word_1_85' title='bbox 774 1791 881 1879; x_wconf 77' lang='lat' dir='ltr'><em>ottoni·-¹</em></span> 
     </span>
     <span class='ocr_line' id='line_1_15' title="bbox 199 1895 879 2007; baseline -0.009 -21"><span class='ocrx_word' id='word_1_86' title='bbox 199 1917 258 1986; x_wconf 81' lang='lat' dir='ltr'><em>bus</em></span> <span class='ocrx_word' id='word_1_87' title='bbox 275 1895 376 1985; x_wconf 76' lang='lat' dir='ltr'><em>inus</em></span> <span class='ocrx_word' id='word_1_88' title='bbox 393 1912 523 1982; x_wconf 83' lang='lat' dir='ltr'><em>uidetur.</em></span> <span class='ocrx_word' id='word_1_89' title='bbox 535 1909 623 2007; x_wconf 80' lang='lat' dir='ltr'><em>Ergo</em></span> <span class='ocrx_word' id='word_1_90' title='bbox 636 1909 668 1980; x_wconf 84' lang='lat' dir='ltr'><em>si</em></span> <span class='ocrx_word' id='word_1_91' title='bbox 676 1909 749 2004; x_wconf 87' lang='lat' dir='ltr'><em>quis</em></span> <span class='ocrx_word' id='word_1_92' title='bbox 765 1910 879 1980; x_wconf 86' lang='lat' dir='ltr'><em>extite-</em></span> 
     </span>
     <span class='ocr_line' id='line_1_16' title="bbox 199 2027 881 2130; baseline -0.004 -23"><span class='ocrx_word' id='word_1_93' title='bbox 199 2038 264 2121; x_wconf 87' lang='lat' dir='ltr'><em>rit,</em></span> <span class='ocrx_word' id='word_1_94' title='bbox 288 2035 344 2130; x_wconf 83' lang='lat' dir='ltr'><em>qui</em></span> <span class='ocrx_word' id='word_1_95' title='bbox 355 2035 422 2128; x_wconf 80' lang='lat' dir='ltr'><em>fise</em></span> <span class='ocrx_word' id='word_1_96' title='bbox 446 2034 552 2128; x_wconf 78' lang='lat' dir='ltr'><strong><em>laefiem</em></strong></span> <span class='ocrx_word' id='word_1_97' title='bbox 574 2027 747 2120; x_wconf 79' lang='lat' dir='ltr'><em>clamabit,</em></span> <span class='ocrx_word' id='word_1_98' title='bbox 772 2033 802 2103; x_wconf 88' lang='lat' dir='ltr'><em>is</em></span> <span class='ocrx_word' id='word_1_99' title='bbox 822 2045 881 2104; x_wconf 76' lang='lat' dir='ltr'><em>atu</em></span> 
     </span>
     <span class='ocr_line' id='line_1_17' title="bbox 200 2155 882 2250; baseline 0 -24"><span class='ocrx_word' id='word_1_100' title='bbox 200 2156 423 2250; x_wconf 63' lang='lat' dir='ltr'><em>coefiientiom</em></span> <span class='ocrx_word' id='word_1_101' title='bbox 441 2156 555 2245; x_wconf 77' lang='lat' dir='ltr'><em>prodet</em></span> <span class='ocrx_word' id='word_1_102' title='bbox 568 2155 697 2249; x_wconf 77' lang='lat' dir='ltr'><em>suom,</em></span> <span class='ocrx_word' id='word_1_103' title='bbox 722 2174 782 2225; x_wconf 87' lang='lat' dir='ltr'><em>aut</em></span> <span class='ocrx_word' id='word_1_104' title='bbox 805 2173 882 2226; x_wconf 82' lang='lat' dir='ltr'><strong><em>certe</em></strong></span> 
     </span>
     <span class='ocr_line' id='line_1_18' title="bbox 200 2275 879 2370; baseline -0.001 -22"><span class='ocrx_word' id='word_1_105' title='bbox 200 2295 325 2348; x_wconf 82' lang='lat' dir='ltr'><em>metum.</em></span> <span class='ocrx_word' id='word_1_106' title='bbox 346 2275 438 2347; x_wconf 80' lang='lat' dir='ltr'><em>Lusit</em></span> <span class='ocrx_word' id='word_1_107' title='bbox 450 2276 508 2344; x_wconf 79' lang='lat' dir='ltr'><em>boc</em></span> <span class='ocrx_word' id='word_1_108' title='bbox 520 2275 555 2344; x_wconf 86' lang='lat' dir='ltr'><em>in</em></span> <span class='ocrx_word' id='word_1_109' title='bbox 568 2300 673 2370; x_wconf 81' lang='lat' dir='ltr'><strong><em>genere</em></strong></span> <span class='ocrx_word' id='word_1_110' title='bbox 686 2278 788 2345; x_wconf 86' lang='lat' dir='ltr'><em>multo</em></span> <span class='ocrx_word' id='word_1_111' title='bbox 800 2275 879 2347; x_wconf 81' lang='lat' dir='ltr'><em>tibe-</em></span> 
     </span>
     <span class='ocr_line' id='line_1_19' title="bbox 202 2394 877 2486; baseline -0.006 -18"><span class='ocrx_word' id='word_1_112' title='bbox 202 2399 267 2468; x_wconf 88' lang='lat' dir='ltr'><em>rius</em></span> <span class='ocrx_word' id='word_1_113' title='bbox 277 2423 314 2467; x_wconf 83' lang='lat' dir='ltr'><em>oe</em></span> <span class='ocrx_word' id='word_1_114' title='bbox 329 2395 504 2467; x_wconf 74' lang='lat' dir='ltr'><em>mordacius</em></span> <span class='ocrx_word' id='word_1_115' title='bbox 515 2395 628 2466; x_wconf 84' lang='lat' dir='ltr'><em>Diuus</em></span> <span class='ocrx_word' id='word_1_116' title='bbox 638 2394 877 2486; x_wconf 75' lang='lat' dir='ltr'><em>Hieronymus,</em></span> 
     </span>
     <span class='ocr_line' id='line_1_20' title="bbox 202 2516 882 2610; baseline -0.001 -22"><span class='ocrx_word' id='word_1_117' title='bbox 202 2543 241 2588; x_wconf 88' lang='lat' dir='ltr'><em>ne</em></span> <span class='ocrx_word' id='word_1_118' title='bbox 263 2517 445 2590; x_wconf 71' lang='lat' dir='ltr'><em>nominibus</em></span> <span class='ocrx_word' id='word_1_119' title='bbox 470 2516 598 2610; x_wconf 82' lang='lat' dir='ltr'><em>quidem</em></span> <span class='ocrx_word' id='word_1_120' title='bbox 619 2516 787 2609; x_wconf 77' lang='lat' dir='ltr'><em>aliquoties</em></span> <span class='ocrx_word' id='word_1_121' title='bbox 800 2541 882 2610; x_wconf 85' lang='lat' dir='ltr'><em>per-</em></span> 
     </span>
    </p>
   </div>
   <div class='ocr_carea' id='block_1_3' title="bbox 165 2747 723 2872">
    <p class='ocr_par' dir='ltr' id='par_1_4' title="bbox 165 2747 723 2872">
     <span class='ocr_line' id='line_1_21' title="bbox 165 2747 723 2872; baseline 0.007 -33"><span class='ocrx_word' id='word_1_122' title='bbox 165 2862 169 2872; x_wconf 84' lang='lat'><strong><em>.</em></strong></span> <span class='ocrx_word' id='word_1_123' title='bbox 245 2785 258 2856; x_wconf 80' lang='grc'><strong>&lt;</strong></span> <span class='ocrx_word' id='word_1_124' title='bbox 268 2788 300 2860; x_wconf 81' lang='lat' dir='ltr'><em>t)</em></span> <span class='ocrx_word' id='word_1_125' title='bbox 320 2785 361 2842; x_wconf 77' lang='lat' dir='ltr'><em>At</em></span> <span class='ocrx_word' id='word_1_126' title='bbox 376 2747 473 2841; x_wconf 59' lang='lat' dir='ltr'><em>forinas.</em></span> <span class='ocrx_word' id='word_1_127' title='bbox 491 2786 513 2845; x_wconf 88' lang='grc' dir='ltr'><em>ἰ.</em></span> <span class='ocrx_word' id='word_1_128' title='bbox 531 2804 557 2846; x_wconf 81' lang='lat' dir='ltr'><em>e.</em></span> <span class='ocrx_word' id='word_1_129' title='bbox 573 2787 606 2841; x_wconf 75' lang='lat' dir='ltr'><em>ad</em></span> <span class='ocrx_word' id='word_1_130' title='bbox 624 2785 723 2843; x_wconf 71' lang='lat' dir='ltr'><em>retiens-</em></span> 
     </span>
    </p>
   </div>
   <div class='ocr_carea' id='block_1_4' title="bbox 728 2879 808 2945">
    <p class='ocr_par' dir='ltr' id='par_1_5' title="bbox 728 2879 808 2945">
     <span class='ocr_line' id='line_1_22' title="bbox 728 2879 808 2945; baseline 0.013 -2"><span class='ocrx_word' id='word_1_131' title='bbox 728 2879 808 2945; x_wconf 78' lang='lat' dir='ltr'><em>Aiv</em></span> 
     </span>
    </p>
   </div>
   <div class='ocr_carea' id='block_1_5' title="bbox 0 0 1278 3876">
    <p class='ocr_par' dir='ltr' id='par_1_6' title="bbox 0 0 1278 3876">
     <span class='ocr_line' id='line_1_23' title="bbox 0 0 1278 3876; baseline 0 0"><span class='ocrx_word' id='word_1_132' title='bbox 0 0 1278 3876; x_wconf 95' lang='lat' dir='ltr'><em> </em></span> 
     </span>
    </p>
   </div>
  </div>
 </body>
</html>
