2496 3876
301 219 311 234 ’
408 207 467 306 ι6Ι
576 231 919 318 ancorum

403 372 586 456 cognominis
602 371 690 436 nostri
703 376 744 436 sic
758 351 869 458 pudes,
882 389 915 436 ut
926 369 958 436 id
969 373 1078 458 passim

401 475 463 540 aliis
484 480 583 564 magni
603 477 701 561 probri
719 479 785 544 vice
803 477 952 562 objiciant.
971 477 1078 544 Proin-

401 579 441 645 de
454 579 543 658 istos,
561 604 628 645 cum
647 585 703 645 sint
719 589 866 664 pueliam
883 579 932 667 (ι)
946 604 1000 660 re,
1020 603 1077 646 ιιι·

400 699 498 749 terum
518 684 612 770 Sophi
632 709 666 750 ac
686 685 826 748 Thaletes
845 679 939 749 videri
960 687 1075 761 velint,

400 809 501 853 nonne
524 788 587 870 jure
609 793 723 878 optimo
747 789 988 876 pag-riomsn)
1008 790 1076 856 illos
1113 808 1118 814 ’

400 893 636 980 appellabimus?

432 1101 496 1164 VI.
515 1101 650 1164 Visun
670 1101 711 1164 est
724 1103 801 1164 enim
815 1103 869 1163 hac
883 1116 1000 1186 quoque
1012 1121 1075 1186 par·

398 1223 431 1272 te
449 1203 537 1266 nostri
559 1205 699 1287 temporis
719 1205 862 1267 Rhetores
879 1209 1003 1282 imitari,
1024 1210 1074 1290 qui

397 1308 486 1394 plane
505 1305 591 1370 Deos
608 1302 664 1370 esse
686 1307 744 1370 sese
764 1310 884 1371 credunt
898 1354 908 1385 ,
924 1312 947 1371 si
960 1309 1072 1371 hirudi-

396 1429 469 1477 num
482 1414 534 1473 ritu
551 1408 690 1496 bilingues
703 1411 750 1496 (3)
765 1430 924 1495 appareant
934 1407 987 1490 ‚ac
1000 1437 1073 1498 prae·

396 1519 507 1582 clarum
527 1515 635 1578 facinus
657 1515 713 1578 effe
736 1517 868 1591 ducunt,
888 1517 980 1578 latinis
1000 1539 1071 1581 ota·

395 1621 523 1685 tionibus
545 1619 664 1683 subinde
687 1621 822 1705 graeculas
838 1621 956 1705 aliquot
977 1644 1071 1686 vocu-

392 1725 462 1803 las,
483 1725 565 1830 velpt
588 1724 764 1788 emblemata
789 1725 848 1809 (4)
871 1728 1072 1805 intertexere,

310 1871 313 1876 ·
392 1834 509 1896 etiamsi
525 1851 601 1893 nunc
617 1851 679 1892 non
699 1850 761 1894 erat
775 1831 819 1892 his
835 1830 927 1894 locus.
940 1829 1032 1900 Porro
1046 1832 1071 1896 si

391 1935 496 2000 desunt
516 1938 654 2006 exotica,
677 1953 695 1993 e
715 1934 845 2012 putribus
867 1934 971 1992 chartis
995 1955 1071 2014 qua.

391 2053 461 2100 tuor
472 2050 521 2095 aut
536 2037 662 2114 quinque
674 2031 763 2112 prisca
773 2030 864 2092 verba
876 2051 996 2109 eruunt,
1008 2038 1069 2118 qui·
1082 2117 1084 2120 Ι

295 2143 298 2149 ’
390 2137 446 2202 bus
461 2136 595 2197 tenebras
614 2131 763 2195 offundant
782 2133 898 2197 leslori:
910 2136 1065 2215 videlicet,

390 2255 425 2304 ut
444 2227 502 2322 qui*
517 2238 704 2322 intelligunt,
725 2240 815 2324 magis
838 2259 872 2302 ac
896 2244 986 2327 magis
1010 2242 1067 2310 sibi

414 2467 456 2520 (ι)
472 2468 592 2508 stultissimi.
605 2485 610 2498 ι

343 2566 345 2570 ,
413 2545 458 2599 (ι)
470 2539 650 2598 Stulte-sapientes.

415 2623 457 2677 (ι)
472 2623 594 2678 sanguisugis
605 2625 679 2666 bisulet
687 2625 766 2680 lingue,
775 2625 830 2678 iuxta
839 2625 930 2668 Plinium.
948 2628 1020 2683 lysiar-

412 2703 456 2754 (⁴)
471 2705 486 2741 i.
500 2717 520 2744 e.
536 2703 632 2746 Tenent·
642 2730 648 2754 ,
661 2715 683 2748 ιι
692 2706 712 2746 in
722 2717 785 2760 opere
794 2707 872 2748 murino
882 2733 888 2758 ‚
898 2706 933 2749 vel
946 2710 1060 2760 pavimento

385 2774 496 2826 vtriegtto.
967 2777 975 2794 '

909 2849 1057 2936 placeant:
