2452 4386
350 185 436 324 “138
503 231 906 340 ΚΕιιεοιιιιυιι·
996 309 1001 319 ,

363 371 442 434 enini
460 371 521 433 hac
537 377 698 457 percipiat,
719 375 773 438 nisi
789 376 904 460 triginta
920 373 967 438 sex
985 383 1040 436 ani

364 497 421 550 πρε
436 493 517 538 totos
532 479 567 538 in
579 480 727 561 physicis,
748 480 779 540 &
796 480 1036 542 ultra-mundanis

365 577 526 642 Aristotelis
543 582 576 644 &
589 581 710 644 Scoticis
726 583 916 644 contriverit?
929 583 1043 646 Identi-

364 682 435 748 dem
448 685 592 746 inculcant
608 683 743 767 Apostoli
758 687 898 769 gratiam,
908 705 937 747 at
951 688 1044 750 iidem

368 785 506 871 nusquam
533 787 716 872 distingunt,
740 791 810 872 quid
830 793 940 852 intersit
964 793 1045 852 inter

368 896 488 976 gratiam
504 897 589 978 gratis
608 895 729 970 datam,
751 896 784 956 &
800 897 918 978 gratiam
935 892 1044 978 gratifi-

369 1015 497 1060 cantem.
515 999 676 1060 Hortamur
694 999 731 1060 ad
751 1000 829 1061 bona
850 1020 969 1081 opera,
986 1015 1044 1060 nec

345 1168 348 1177 ¹
369 1101 531 1164 discernunt
551 1122 625 1182 opus
644 1122 769 1183 operans
791 1103 824 1162 &
841 1123 915 1182 opus
936 1121 1046 1184 opera·

369 1219 443 1266 tum.
466 1203 573 1266 Passim
600 1205 742 1270 inculcant
768 1197 964 1280 charitatem,
989 1223 1047 1268 nec

369 1305 523 1370 secernunt
539 1308 661 1370 infusam
680 1309 717 1370 ab
735 1313 895 1394 acquisita,
915 1330 971 1372 nec
993 1330 1048 1372 ex·

370 1409 503 1491 plicant,
527 1413 658 1476 accidens
680 1431 718 1480 ne
739 1416 798 1487 sit,
819 1436 855 1474 an
876 1413 1053 1490 substantiag

373 1529 471 1576 creata
490 1533 535 1576 res
555 1535 593 1578 an
611 1515 745 1582 increata,
768 1495 956 1579 Detestantu'r
975 1534 1052 1596 pec·

356 1635 494 1694 .catum;
514 1637 543 1682 at
563 1621 707 1695 emoriar,
722 1621 745 1680 si
762 1636 920 1702 potuerunt
938 1619 1055 1685 scienti·

375 1721 431 1785 fiee
449 1723 590 1800 definire,
606 1723 676 1806 quid
691 1724 727 1784 sit
744 1723 835 1800 illud,
850 1724 933 1808 quod
945 1744 1055 1808 pecca·

376 1843 441 1890 tum
457 1846 618 1902 vocamus,
634 1828 687 1887 niti
706 1826 784 1888 forte
799 1827 984 1898 sentinarum
997 1826 1054 1909 spi-

378 1935 435 1994 ritu
450 1931 564 1994 fuerunt
576 1929 681 2002 edoiii.
696 1929 760 1996 Nec
774 1935 852 1994 enirn
865 1929 1053 2012 adducimur

378 2034 464 2109 sum,
482 2051 514 2094 ut
534 2033 651 2098 credam
668 2034 812 2115 Paulum,
831 2055 848 2097 e
871 2032 951 2117 cujus
970 2037 1055 2098 unius

379 2136 542 2202 eruditione
560 2137 630 2200 licet
652 2157 755 2200 omnes
775 2137 912 2204 estimare
930 2183 944 2213 ,
966 2140 1057 2204 toties.

381 2242 581 2324 damnaturum
601 2240 680 2306 fuisse
700 2241 893 2327 quaestiones,
914 2242 1058 2323 discepta-¹

382 2349 501 2422 tiones,
519 2347 726 2432 genealogias,
744 2347 804 2420 &,'
817 2362 849 2406 ut
868 2344 926 2425 ipse
944 2359 1057 2422 rogat,
1078 2353 1083 2362 '

383 2457 552 2532 nonomine
567 2449 639 2534 (ι),
658 2453 681 2512 si
697 2471 744 2512 eas
759 2445 947 2531 percalluiffet
966 2470 1057 2532 argu-

384 2557 463 2630 tias·,
484 2554 640 2638 prasertim
662 2573 728 2631 cum
755 2572 858 2616 omnes
881 2551 956 2615 illius
970 2559 1078 2619 ,tem-²

387 2716 1057 2744 μιῇ-Ἥ

411 2791 449 2848 (ι’)
461 2792 618 2846 Disceptatiws
630 2799 654 2846 ,de
665 2791 734 2839 ieron.
