2504 3866
392 235 641 364 'litoream
805 306 852 384 3¹

101 426 104 430 ’
166 427 342 514 ¹garrulitas,
355 425 484 511 ineptia,
501 430 634 507 oblivio,
647 432 852 517 incogitantia,
890 403 914 448 ⁹

166 533 308 597 brevitet
329 535 427 594 omnia
447 551 551 613 catera
570 553 739 616 congruunt.
762 535 853 618 Quo·
891 513 912 560 ⁸

174 655 238 720 que
260 637 349 719 magis
372 637 527 700 accedunt¹
540 635 578 699 ad
601 635 766 712 sanctiam,
792 640 851 703 hoc

174 744 296 825 propius
307 741 345 802 ad
357 743 485 823 pueritiae
495 741 710 806 similitudinem
719 741 853 817 redeunt,

176 845 275 906 donec
287 865 444 926 puerorum
458 847 534 918 ritu,
549 847 619 904 citra
635 846 703 908 vitae
714 844 853 922 taedium4

174 952 248 1011 citra
266 950 370 1036 mortis
386 946 497 1008 sensum
513 949 655 1032 emigrant
669 967 687 1008 e
702 949 773 1011 vita.

219 1154 319 1218 XIV.
337 1153 421 1235 Ena*
438 1165 536 1230 nunc,
557 1153 606 1236 qui
620 1153 704 1218 volet
713 1153 778 1229 5&
795 1155 854 1218 hoc

178 1281 280 1324 meum
309 1258 482 1321 beneficium
510 1261 687 1342 reliquorum
716 1257 854 1320 Deorum

179 1363 411 1445 metamorphosi
433 1348 679 1445 comparet2qt1i
700 1363 770 1446 quid
791 1366 855 1424 irati

176 1469 310 1542 faciant,
336 1488 396 1528 non
419 1467 491 1528 libet
516 1485 778 1541 commemorare,
803 1467 855 1529 sed
907 1479 917 1494 ³

85 1602 88 1607 ·
179 1575 387 1657 quibusquam
406 1575 533 1632 maxime
553 1573 670 1654 propitii
690 1570 777 1645 sunt,
800 1593 856 1634 eos

181 1663 276 1738 solent
292 1680 321 1736 in
335 1677 490 1750 arborem,
508 1677 539 1735 in
555 1695 659 1752 avem,
679 1679 710 1737 in
726 1677 854 1738 cicadam
933 1749 937 1756 ,
1011 1683 1013 1690 '

183 1801 234 1842 aut
259 1783 346 1840 etiam
368 1781 398 1838 in
426 1779 587 1860 serpentem
615 1779 820 1841 transformare
844 1797 855 1854 3

182 1885 359 1968 quasivero
383 1903 444 1943 non
465 1882 535 1942 illud
559 1883 650 1966 ipsum
674 1887 710 1946 sit
733 1885 857 1966 perire,

183 1987 261 2050 aliud
282 1986 352 2048 fieri.
375 1985 440 2070 Ego
461 2007 535 2050 vero
557 1987 708 2050 hominem
728 1969 880 2051 eundern¹

181 2095 303 2174 optimae
318 2099 353 2152 ac
369 2091 539 2151 felicissima
556 2095 624 2154 vita
640 2095 714 2174 parti
728 2093 859 2157 restituo.

163 2195 282 2276 Quod
305 2195 329 2252 si
346 2193 483 2254 mortales
507 2195 621 2276 prorsus
648 2197 683 2256 ab
708 2202 790 2257 omni
815 2198 861 2259 sa·

181 2301 300 2384 pientiae
317 2296 495 2357 commercio
509 2313 725 2392 temperarent,
742 2321 776 2358 ac
792 2319 886 2394 per-'-

184 2421 276 2486 petuo
296 2403 417 2468 mecum
430 2417 546 2462 aetatem
567 2418 712 2482 agerent,
731 2421 769 2460 ne
789 2401 860 2464 effet

186 2506 306 2587 quidem
327 2505 418 2566 ullum
439 2505 572 2576 senium,
596 2521 699 2563 verunt
719 2521 861 2586 perpetua

188 2605 309 2691 juventa
326 2607 487 2670 fruerentur
505 2606 613 2668 felices.
633 2604 684 2664 An
697 2626 759 2666 non
772 2609 861 2672 vide·

188 2714 226 2773 tis
246 2710 365 2771 tetricos
384 2709 451 2768 istos
477 2711 510 2770 &
527 2707 578 2770 v'el
597 2706 786 2790 Philosophia
803 2711 862 2776 stu-

188 2815 270 2896 diis,
290 2811 341 2879 vel
357 2811 435 2874 seriis
455 2811 488 2876 &
508 2810 601 2874 arduis
619 2811 747 2878 addiiios
766 2838 863 2900 nego·
