2524 3850
390 257 465 324 ’κοῦ
559 244 595 320 Ἐ
606 267 637 324 u
651 241 881 328 courum

387 409 474 485 quam
490 388 579 453 semel
595 391 638 462 rit
656 391 754 459 nutrit
770 391 818 478 (1)
831 390 993 468 induimus,
1009 395 1063 476 age

386 493 544 556 doceamus
558 495 590 559 &
602 497 691 573 illud,
704 497 872 563 felicitatem
887 495 1063 560 Christiano·

385 575 471 675 ium,
485 619 573 682 quam
589 617 636 662 tot
652 602 797 666 laboribus
816 617 976 684 expetunt,
993 599 1065 665 nihil

386 701 464 768 aliud
482 701 558 780 effe,
578 725 664 787 quem
681 705 794 768 insaniae
811 705 989 789 stultitiaeque
1005 693 1064 790 ge·

386 828 442 871 nus
459 808 607 891 quoddam
624 831 631 870 :
649 810 723 872 absit
740 810 848 874 invidia
864 811 980 886 verbis,
998 830 1064 872 rem

304 993 306 998 ,
386 911 477 995 ipsam
489 915 584 996 potius
599 915 764 997 expendite.
777 915 842 978 Jam
856 915 980 999 primum
991 912 1064 975 illud

387 1020 603 1101 propemodum
635 1017 798 1082 christianis
829 1021 967 1083 convenit
997 1036 1064 1080 cum

386 1121 563 1204 Platonicis,
577 1123 704 1187 animum
721 1121 885 1186 immersum
902 1121 1065 1205 alligatum-

386 1247 444 1310 que
457 1224 514 1289 elle
527 1228 676 1310 corporeis
688 1228 828 1303 vinculis,
839 1224 977 1309 hujusque
989 1245 1066 1289 cras·

385 1331 515 1396 situdine
527 1332 702 1413 prepediti,
717 1333 869 1416 quominus
886 1351 999 1414 eaquae
1012 1347 1066 1393 ve·
1118 1382 1124 1390 .

386 1451 419 1494 ra
430 1431 512 1504 sunt,
523 1435 712 1520 comtemplari
727 1433 839 1514 fruique
851 1435 954 1514 possit.
965 1433 1068 1495 Proin·

386 1535 426 1598 de
443 1533 653 1619 philosophiam
674 1531 774 1598 definit
795 1532 853 1597 ess'e
876 1535 977 1596 mortis
996 1551 1066 1596 me·

387 1639 580 1716 ditationem,
593 1637 675 1722 quod
691 1659 727 1701 ea
741 1654 872 1702 mentem
887 1661 904 1701 a
919 1640 1005 1706 rebus
1019 1641 1068 1702 vi-

386 1745 515 1809 sibilibus
527 1767 561 1814 ae
575 1745 724 1828 corporeis
737 1745 880 1821 abducat,
893 1743 974 1828 quod
985 1744 1067 1810 idem

388 1853 488 1936 utique
505 1838 585 1914 mors
605 1849 682 1912 facit.
700 1847 801 1932 Itaque
824 1866 911 1930 quam
933 1849 982 1914 diu
1002 1850 1070 1916 ani-r

388 1975 454 2022 mus
474 1954 603 2036 corporis
627 1949 740 2036 organis
759 1950 851 2033 probe
868 1952 982 2026 utitur,
1003 1966 1066 2012 tam

239 2032 252 2052 ⁵
280 2037 284 2042 ¹
323 2071 325 2076 ·
388 2057 437 2116 diu
455 2054 538 2113 sanus
558 2054 726 2132 appellatur.
746 2053 859 2112 Verum
879 2051 956 2128 ubi,
975 2053 1067 2135 ruptis

386 2156 448 2239 jem
462 2153 606 2228 vinculis,
624 2170 744 2216 conatur
760 2156 791 2216 in
807 2154 973 2226 libertatem
990 2157 1068 2227 alle-fi

387 2278 453 2322 rete
472 2256 552 2335 sese,
569 2260 706 2343 quasique
724 2259 825 2346 fugam
845 2283 882 2324 ex
896 2283 933 2325 eo
949 2283 1066 2326 carcere

387 2360 567 2440 meditatur,
590 2380 653 2434 tum
674 2363 810 2430 insaniam
834 2381 952 2428 vocant.
982 2364 1016 2426 ld
1041 2369 1067 2430 si

388 2469 467 2532 forte
487 2470 628 2552 contingit
646 2465 775 2543 morbo,
790 2471 920 2551 vitioque
937 2477 1065 2554 organo·
1135 2541 1137 2548 s

389 2594 478 2650 tum,
503 2571 616 2656 prorsus
630 2573 772 2654 omnium
798 2571 935 2636 consensu
958 2573 1069 2648 insania

388 2731 1065 2765 ιι--ι--ὖ--ι--ι-ιιι-ὴ-ι-ι-μι
1079 2753 1082 2762 ι
1166 2739 1168 2746 “

415 2813 455 2872 (r)
468 2811 537 2890 Leonis
553 2816 649 2863 «maun.-
