2504 3866
244 204 272 256 ”
369 231 620 303 Monta
796 245 836 328 η

156 356 218 436 ’ξέοι
231 339 299 454 (t),
319 390 408 452 quam
431 371 525 434 Latini
541 371 719 449 Stultitm,
740 367 840 437 Greci

158 475 265 558 Magiam
288 475 448 558 appellant.

201 681 243 746 V.
264 683 513 766 Quanquam
534 683 670 770 quidvel
689 685 840 769 hocopus

163 804 226 850 etat
239 788 337 853 dicere
347 834 357 866 ‚
367 793 448 872 quasi
461 811 522 854 non
537 790 599 872 ipso
615 810 653 852 ex
668 791 751 853 vultu
762 789 844 852 fron·

162 908 274 977 teque,
287 893 369 976 quod
383 895 482 967 aiunt,
492 891 558 954 satis
574 915 638 975 quae
654 894 709 954 sim
722 915 781 976 p-rae
793 915 843 956 me

164 1116 214 1161 aut
230 1098 370 1183 Sophiam
386 1095 444 1162 effe
466 1099 649 1176 contendat,
668 1119 730 1161 non
751 1099 846 1163 statim

117 1249 119 1252 -
163 1203 228 1268 solo
244 1207 336 1288 possit
353 1205 459 1268 obtutu
482 1204 623 1286 coargui,
638 1205 752 1265 etiamsi
767 1204 847 1266 nulia

165 1310 287 1370 accedat
313 1310 436 1382 oratio,
460 1309 580 1368 minime
604 1306 730 1368 mendax
757 1310 847 1369 animi

165 1412 326 1497 speculum.
349 1411 453 1473 Nullus
476 1409 555 1494 apud
578 1431 627 1472 me
649 1409 721 1473 fucis
743 1413 847 1490 locus3

168 1538 225 1580 nec
240 1515 318 1579 aliud
335 1515 432 1579 fronte
449 1515 573 1591 simulo,
584 1515 661 1578 aliud
678 1518 708 1578 in
726 1518 847 1600 pedore

170 1640 285 1703 premo.
306 1619 435 1703 Sumque
455 1621 516 1682 mei
536 1619 663 1702 undique
683 1622 849 1699 simillima,

170 1723 248 1786 adeo
267 1743 301 1785 ut
321 1743 376 1786 nec
399 1725 419 1784 ii
438 1744 487 1785 me
514 1724 689 1787 dissimulare
711 1731 848 1809 possint,

173 1826 225 1909 qui
242 1826 366 1888 maxime
389 1823 541 1907 Sapientiae
557 1829 710 1911 personam
725 1851 759 1893 ac
777 1833 851 1892 titu-

173 1930 236 1992 lum
254 1929 307 1991 sibi
320 1930 476 1994 vendicant
494 1938 542 1996 ceti
564 1933 585 1996 iv
603 1943 644 2018 τῇ*
661 1934 783 2019 πορφιῖςᾳ
801 1935 851 2001 σι’·

175 2046 263 2110 iacet,
282 2044 329 2102 aad
347 2042 370 2101 it
389 2043 426 2109 tii
442 2044 535 2120 >scotris
558 2039 607 2101 im
626 2036 683 2124 (2)
701 2039 853 2120 ⁴obambu-

176 2137 248 2201 lant.
268 2140 413 2222 Quamvis
428 2158 526 2203 autem
543 2139 643 2204 sedulo
656 2142 789 2228 fingant,
805 2162 854 2207 ta·

177 2263 248 2306 men
273 2243 388 2306 aliunde
411 2248 610 2327 prominentes
635 2248 766 2308 auriculae
789 2247 855 2308 Mi-

180 2349 248 2410 dam
275 2349 414 2432 produnt.
442 2347 590 2434 Ingratum
619 2369 668 2410 me
694 2349 793 2412 hercle
819 2350 871 2411 δι’

180 2451 241 2512 hoc
253 2452 406 2515 hominum
425 2472 538 2535 genus,
557 2455 626 2532 qui,
645 2471 711 2510 cum
731 2453 857 2514 maxime

182 2554 241 2615 sint
253 2553 357 2620 nostrae
372 2555 502 2617 fadiionis
511 2598 522 2628 ,
532 2570 631 2612 tamen
647 2553 724 2633 apud
738 2551 857 2637 vulgum

212 2724 223 2775 (
232 2722 255 2774 ι)
268 2725 371 2775 Bonorum.

213 2789 254 2846 (ι)
269 2789 297 2833 Et
306 2792 327 2833 in
333 2792 419 2845 ΝΜ
428 2791 492 2833 Simia
501 2819 508 2841 ,
519 2794 536 2835 θ
548 2798 569 2835 in
578 2795 673 2837 mantnt
678 2798 730 2851 pat«
738 2795 805 2847 ,λείιό
