2496 3876
506 44 529 106 ἶ

380 176 425 244 Μ
447 184 524 246 ont
547 193 628 246 rm.
680 248 682 254 ,
797 192 853 261 4¹.

171 327 255 378 loma
271 313 319 397 (r)
331 359 340 389 ‚
357 317 449 375 invita
462 316 694 400 relullanteque‚
705 329 738 376 ut
749 313 858 386 aiunt,-

172 417 321 492 Minerva.
336 415 531 501 Conduplicat
547 421 624 479 enim
640 416 850 500 virium,quis-

174 521 239 602 quis
254 537 353 582 contra
372 539 503 584 naturam
521 523 635 582 virtutis
649 521 745 582 fucum
758 521 850 583 indu-

174 625 234 699 cit,
248 640 333 708 atque
346 627 403 717 alip
420 625 546 690 defledlit
560 625 720 708 ingenium.
733 624 851 704 Quem-
898 655 912 680 ι.

174 728 354 806 admodum,
367 729 447 812 juxta
458 730 630 792 Graecorum
644 727 855 811 proverbium,

175 835 257 896 simia
272 833 387 915 semper
404 831 444 896 est
462 835 567 907 simia,
585 835 673 894 etiam
688 833 712 891 si
728 851 854 913 purpun

175 935 334 1010 vestiarum
353 938 391 1000 ita
411 935 516 1010 ,mulier
535 935 649 1018 semper
668 935 770 996 mulier
789 932 855 1010 est,

175 1040 235 1102 hoc
249 1039 291 1104 esl
304 1039 407 1114 stulta,
421 1061 626 1125 quamcunque
638 1037 792 1122 personam
803 1039 855 1103 in-

176 1144 281 1210 duerit.
292 1143 396 1228 Neque
410 1167 485 1208 vero
498 1146 650 1206 mulierum
662 1164 753 1227 genus
762 1143 852 1228 usque

80 1271 83 1278 ·
176 1251 253 1312 adeo
268 1249 383 1324 sltdtum
396 1250 537 1325 arbitror,
549 1265 582 1310 ut
592 1269 657 1309 eam
671 1249 711 1309 ob
722 1269 783 1310 rem
797 1250 854 1310 mia

177 1355 209 1415 hi
227 1353 430 1428 succenseant,
450 1354 530 1438 quod
544 1355 617 1429 illis,
632 1354 665 1417 &
679 1351 738 1437 ipsa
750 1351 854 1416 mulier

176 1459 210 1522 δι
220 1457 515 1537 Stultitia‚stultitiam
529 1459 692 1524 attribuam.
702 1459 818 1522 Etenim
829 1459 855 1520 si

174 1586 238 1628 tem
252 1565 328 1626 redla
340 1583 475 1644 reputent
483 1572 532 1626 via
540 1609 551 1638 ‚
560 1566 618 1628 hoc
630 1565 722 1644 ipsum
730 1563 854 1624 stultitia

179 1666 291 1726 debent
308 1681 462 1742 acceptum
486 1665 583 1734 serre,
603 1665 687 1744 quod
707 1667 764 1722 sint
783 1664 854 1722 viris

39 1743 44 1754 Δ
98 1793 108 1811 ³
177 1765 277 1830 multis
290 1761 404 1822 calculis
417 1760 630 1823 fortunatiores.
646 1759 779 1824 ,Primum
795 1759 856 1820 for·

177 1890 234 1934 mae
249 1867 367 1952 gratiam
380 1912 390 1942 ‚
404 1887 490 1949 quam
502 1864 556 1926 illae
572 1865 677 1926 merito
692 1849 777 1926 rebus
788 1885 855 1925 om·

174 1975 262 2040 nibus
275 1987 479 2055 anteponunt,
495 1965 573 2050 cujus
593 1989 701 2054 nempe
720 1970 853 2054 praesidio

178 2082 209 2144 in
223 2096 364 2160 tyrannos
376 2079 462 2138 etiarn
476 2073 551 2157 ipsos
566 2077 754 2158 tyrannidem
768 2097 853 2140 exer·

179 2182 263 2253 rent!
276 2180 546 2263 Alioquiundenam
557 2181 660 2243 horror
671 2183 721 2244 ille
733 2181 852 2260 sonnae,

179 2267 288 2369 lrispida
308 2288 401 2361 cutis,
422 2286 454 2346 &
470 2285 567 2346 barbae
584 2285 688 2368 sylva,
703 2286 789 2368 plane
805 2285 853 2348 se-

182 2392 239 2453 nile
252 2391 388 2473 quiddam
402 2393 431 2450 in
443 2393 525 2464 viro,
542 2393 595 2450 nisi
609 2413 626 2450 a
640 2390 797 2472 prudentiae
809 2392 854 2451 vi·

180 2499 242 2571 no,
252 2517 319 2562 eum
333 2495 518 2562 soemirrerum
529 2494 642 2578 semper
653 2494 740 2568 laeves
753 2494 854 2573 malae,

205 2747 245 2802 (ι)
257 2745 384 2799 Unguentum
394 2759 436 2800 quo
448 2745 569 2800 angebamur
582 2745 675 2786 eruere.
