2506 3862
395 275 648 347 Monta
816 288 862 378 m

184 429 286 476 menta
306 431 412 474 canum
434 413 618 491 odorantur,
634 416 688 478 illis
713 414 869 480 cinnamo·

185 535 268 578 mum
286 514 390 579 videri.
407 515 526 582 Deinde
546 539 610 602 quae
629 519 772 596 suavitas,
789 539 870 602 quo·
914 599 916 604 Ι

185 620 241 684 ties
253 617 314 681 fera
327 615 460 684 lanianda
473 621 515 686 est
526 621 538 684 l
551 621 667 684 Tauros
681 621 713 682 δι
724 640 869 690 verveces

186 723 287 788 humili
299 724 378 808 plebi
391 727 498 790 laniare
512 728 601 800 licet,
614 723 707 788 feram
719 725 774 786 nisi
786 746 804 785 a
816 745 871 808 ge·

181 827 292 892 ueroso
311 829 400 892 secari
419 829 512 892 nefas.
534 829 563 892 ls
582 829 664 891 nudo
684 829 803 910 capite,
822 827 871 890 in·

186 933 269 994 flexis
283 931 423 1014 genibus,
437 905 535 1015 gladio
549 932 586 993 ad
599 932 630 992 id
643 929 803 1005 destinato,
817 945 872 994 ned

187 1053 246 1116 que
263 1034 342 1096 enim
356 1035 460 1118 quovis
472 1034 552 1096 idem
564 1033 662 1097 facere
675 1034 719 1095 fas
731 1032 772 1096 est
780 1078 793 1110 η,
807 1054 873 1096 cer·

182 1138 224 1216 tis
239 1135 384 1220 gestibus,
401 1153 481 1203 tetta
495 1138 649 1213 membra,
668 1152 749 1201 certo
768 1135 873 1200 ordine

186 1241 320 1324 religiose
337 1241 425 1304 secat.
443 1242 567 1305 Miratur
585 1245 726 1319 interim,
749 1239 874 1327 perinde

186 1359 220 1407 nt
236 1348 268 1406 in
283 1364 317 1408 te
336 1366 438 1423 nova,
457 1344 641 1420 circumstans
659 1348 747 1410 tacita
765 1347 876 1426 turbu

185 1448 303 1530 tametsi
319 1431 512 1534 speElaculirnt
533 1450 593 1514 hoc
614 1451 680 1534 plus
698 1452 804 1524 millies
823 1454 874 1524 vi·

182 1551 272 1616 derit.
290 1550 382 1617 Porro
401 1556 448 1618 cui
465 1554 623 1636 contigerit
641 1574 658 1617 e
677 1555 775 1618 bellua
791 1577 874 1620 non·

187 1655 259 1716 nihil
277 1653 412 1738 gustare,
432 1658 456 1718 is
473 1676 548 1722 vero
572 1656 712 1737 existimat
732 1659 788 1722 sibi
808 1680 872 1726 non

59 1831 62 1840 ι
188 1778 293 1840 parum
316 1759 474 1820 nobilitatis
498 1761 651 1836 accedere.
678 1761 781 1844 Itaque
803 1783 873 1826 cunt

189 1859 234 1924 isti
257 1906 267 1938 ,
290 1862 403 1926 assidua
428 1861 556 1928 ferarum
578 1863 764 1940 inseb'tatione
784 1879 873 1949 atque
912 1929 914 1936 ,

191 1965 261 2044 esu,
281 1966 350 2030 nihil
372 1967 450 2031 aliud
470 1967 672 2054 allequantur,
691 1972 745 2032 nisi
766 1985 799 2032 ut
817 1970 874 2053 ipsi

191 2071 410 2154 propemodum
422 2073 454 2134 in
468 2072 544 2137 feras
556 2073 758 2159 degenerent,
771 2090 873 2142 tamen
890 2115 892 2118 -

193 2174 309 2233 interea
322 2172 435 2250 regiam
445 2176 539 2236 viram
558 2199 646 2260 agere
660 2179 689 2242 se
708 2196 822 2262 putant.
836 2178 875 2242 Et

193 2273 237 2335 luis
252 2269 429 2336 simillimum
447 2289 538 2354 genus
555 2296 658 2340 eorum
668 2324 681 2351 ,
693 2282 744 2364 qui
758 2281 875 2344 insatia-

191 2377 245 2438 bili
263 2374 423 2441 aedificandi
444 2371 538 2448 studio
558 2379 705 2460 flagrant,
726 2403 803 2444 nunc
822 2405 876 2444 ro·

193 2479 285 2542 tunda
302 2480 473 2564 quadratis,
491 2499 569 2554 nunc
586 2481 726 2564 quadrata
742 2486 876 2552 totundit
900 2541 902 2546 ,

196 2600 407 2669 permutantes.
423 2586 530 2672 Neque
544 2606 618 2651 vero
635 2583 699 2648 finis
712 2587 806 2666 ullus,
822 2609 875 2654 ne·

146 2736 149 2742 .
193 2691 398 2774 quantotius,
419 2692 516 2756 donec
534 2692 571 2755 ad
593 2707 753 2758 extremam
771 2695 877 2762 redac-

196 2797 236 2861 ais
255 2794 407 2878 inopiam,
419 2814 475 2896 uec
493 2794 545 2862 ubi
560 2795 712 2880 habitent,
730 2820 785 2868 nee
804 2801 876 2885 quid
926 2809 928 2814 '
