2524 3850
15 2881 34 2942 b

370 187 641 320 Monrn
767 256 836 344 159·

152 395 296 478 menare3
316 383 481 468 Principem
509 407 546 449 eo
571 385 641 448 loco
665 385 744 464 esse,
761 403 793 450 ιιι
813 387 838 449 si
918 368 920 373 ³

154 489 226 572 quid
250 488 301 551 vel
326 488 430 553 leviter
455 490 491 554 ab
516 488 641 567 honesto
664 490 839 567 deflexerit,

155 595 252 676 gravis
270 594 403 674 protinus
422 594 564 679 adquam
583 593 725 676 plurimos
741 595 840 662 homi·

126 757 130 762 .
155 717 210 758 nes
231 699 297 761 vitae
318 697 404 781 pestis
427 699 532 782 serpat.
550 698 630 761 Tum
652 696 733 781 quod
750 697 841 760 multe

155 800 256 863 secum
277 799 390 865 adserat
413 804 577 885 principum
604 799 748 876 fortuna,
777 821 843 883 quae

158 903 271 968 soleant
293 929 312 966 a
332 905 412 967 resto
432 906 577 968 deducere
596 903 611 988 (
629 905 711 988 quod
728 925 843 988 genus,

158 1010 295 1086 delitiae,
316 1010 455 1089 libertas,
473 1010 624 1085 adulatio,
641 1009 724 1071 luxus
735 1007 770 1092 ),
785 1007 846 1069 ltoc

155 1117 254 1176 acrius
278 1114 471 1190 enitendum,
490 1135 524 1176 ac
552 1113 699 1176 sollicitius
727 1112 846 1194 advigi-

89 1295 91 1299 .
161 1217 306 1292 landum,
327 1218 433 1279 necubi
458 1217 509 1281 vel
539 1218 678 1299 deceptus
702 1215 789 1279 cesset
815 1217 847 1276 in

162 1319 274 1382 officio.
288 1319 459 1396 Postremo,
475 1319 490 1403 (
503 1336 535 1381 ut
548 1321 679 1396 insidias,
692 1321 761 1383 odia
770 1364 781 1397 ,
790 1341 849 1383 ιε·

160 1437 305 1505 neroque,
319 1424 371 1487 vel
386 1424 536 1507 pericula,
555 1426 605 1488 vel
622 1443 740 1499 metus,
756 1429 850 1488 omit-

163 1525 254 1609 tarn)
278 1529 363 1608 capiti
385 1529 537 1592 imminere
563 1550 667 1590 verum
693 1529 775 1588 illum
799 1549 850 1590 re-

162 1649 260 1710 gem,
277 1632 327 1708 qui
344 1630 432 1706 paulo
452 1627 517 1704 post
535 1628 571 1686 ab
590 1649 628 1690 eo
648 1632 686 1690 sit
704 1632 791 1690 etiarn
810 1629 851 1691 de

161 1733 289 1794 minimo
306 1749 423 1810 quoque
440 1727 590 1788 commisso
605 1733 750 1790 rationem
765 1751 853 1790 exac-

163 1850 265 1908 turus,
280 1831 368 1914 idque
381 1846 465 1891 tanto
478 1827 626 1903 seuerius,
637 1846 749 1912 quanto
763 1852 854 1914 praes·
882 1893 883 1896 ,

163 1939 276 2001 Διιιιιίιιε
298 1936 386 2018 gessit
406 1936 572 2015 impenutn.
594 1933 668 1996 Haec
684 1980 695 2010 ,
714 1938 855 2018 inquam,v

162 2059 258 2126 atque
275 2038 439 2121 hujusmodi
455 2038 597 2121 plurima,
614 2042 638 2101 si
654 2039 792 2124 Princeps
807 2041 856 2110 [οε

166 2165 242 2208 ,cum
270 2142 466 2227 perpenderet
486 2141 501 2222 (
521 2145 716 2224 perpenderet
735 2158 858 2225 autem,

167 2251 200 2310 oi
216 2241 372 2328 saperet),
388 2237 484 2302 is‘nec
501 2241 655 2320 somnum,
670 2269 727 2310 nec
742 2250 856 2330 cibum,

176 2352 305 2432 opinor,
322 2345 449 2428 jucunde
469 2366 572 2426 capere
591 2347 695 2428 pollet.
716 2353 758 2413 At
780 2375 857 2415 nunc

178 2473 249 2518 meo
264 2473 406 2526 munere,
419 2452 470 2512 lias
491 2470 595 2512 omnes
611 2472 691 2512 curas
710 2449 776 2516 Diis
790 2477 861 2538 per-

179 2560 326 2631 mittunt,
347 2557 403 2638 ipsi
419 2554 449 2617 se
469 2553 598 2616 molliter
617 2577 744 2636 curant,
763 2582 860 2644 neque

166 2683 359 2746 ‚quemquam
372 2660 409 2720 ad
427 2681 527 2722 aurem
546 2660 720 2740 admittunt,
739 2667 794 2729 nisi
810 2671 861 2750 qui

143 2831 144 2834 ,
182 2766 310 2854 iucunda
327 2765 409 2848 loqui
427 2766 525 2842 notit,
542 2784 580 2827 ne
599 2767 668 2848 quid
688 2771 785 2836 animo
801 2771 863 2836 sol-
