2496 3876
404 353 453 436 32
580 339 904 418 Encorrrr‘rrt

337 453 361 504 ⁹
402 484 472 556 tiis,
493 483 687 568 pierumque,
708 487 871 571 priusquam
891 486 979 568 plane
996 471 1086 566 juve*

400 607 454 648 nes
472 591 552 666 sint,
572 591 632 672 jam
652 591 855 662 consenuisse,
873 589 1011 651 videlicet
1032 609 1083 649 cu-

400 693 459 766 ris,
480 694 641 756 &assidua
659 699 773 778 actique
795 695 1004 776 cogitationum
1021 693 1097 776 agi-¹

399 797 510 858 tatione
536 797 640 860 sensim
665 801 775 880 spiritus
803 799 834 858 &
860 796 973 856 succum
999 796 1080 856 illum

350 972 353 984 ἱ
400 901 518 962 vitalem
534 901 739 964 exhauriente?
756 900 834 963 Cum
851 917 951 960 contra
965 898 1081 959 Morio·

300 1001 302 1008 ’
400 1022 453 1063 nes
473 1006 531 1066 mei
548 1005 705 1088 pinguiculi
720 1007 796 1079 sint,
815 1005 849 1065 &
861 1001 962 1076 nitidi,
978 1001 1080 1062 &obe-

400 1127 439 1168 ne
454 1124 549 1168 curata
567 1125 631 1168 cute
642 1151 651 1180 ,
664 1107 750 1187 plane
766 1114 867 1182 χοῖροι,
884 1104 964 1185 quod
980 1104 1081 1178 aiunt,

399 1205 546 1289 ιἰάςηίνκι
567 1205 582 1290 (
593 1205 653 1290 ι),
675 1219 821 1288 nunquttm
841 1204 973 1287 profetio
994 1206 1079 1266 sene-

397 1307 480 1370 &utis
506 1310 727 1373 incommodum
755 1309 845 1394 ullum
871 1307 999 1383 sensuri,
1023 1309 1078 1371 niti

392 1414 548 1488 nonnihil,
569 1432 600 1475 nt
616 1413 672 1489 fit,
691 1412 849 1496 sapientiim
867 1415 1003 1496 contagio
1028 1413 1076 1474 in·

395 1506 561 1576 ficerenrur.
584 1512 673 1573 Adeo
697 1512 766 1572 nihil
791 1513 897 1591 patitur
920 1511 1072 1598 hominurn

395 1615 478 1690 vita,
498 1616 579 1679 omni
598 1629 634 1676 εκ
651 1631 732 1696 parte
749 1614 865 1674 beatum
885 1610 951 1674 effe.
972 1611 1072 1674 Acce-

395 1716 438 1778 dit
463 1718 500 1778 ad
525 1719 586 1782 haec
609 1719 720 1802 vulgati
746 1718 895 1801 proverbii
909 1739 981 1778 ¹non
1004 1717 1072 1781 leve

392 1820 611 1900 testimonium,
639 1843 699 1908 quo
734 1821 862 1884 ditiitant
886 1843 894 1881 :
915 1819 1069 1887 Stultitiarn

390 1943 480 1990 unam
496 1926 552 1988 effe
565 1949 627 1988 rem
640 1937 650 2000 ,“
669 1945 732 2006 quae
751 1927 783 1985 δι
796 1924 947 2003 juventam
961 1925 1068 2004 alioqui

389 2027 602 2109 fugacissimam
628 2041 818 2097 remoretur,
845 2025 877 2082 &
900 2027 1066 2106 improbam

388 2129 530 2192 sanctiam
552 2128 652 2207 procul
674 2142 778 2188 arceat.
807 2125 850 2189 Ut
869 2147 929 2190 non
953 2146 1065 2197 temere

388 2229 427 2292 de
447 2228 594 2292 Brabantis
618 2229 751 2312 populari
774 2229 905 2294 sermone
929 2231 1066 2313 tartarum>

386 2336 424 2394 sit
438 2355 445 2394 t
460 2354 525 2394 cum
543 2335 652 2394 caeteris
669 2333 833 2395 hominibus
850 2353 918 2396 aetas
934 2338 1064 2416 pruden·

385 2441 456 2500 tiam
472 2436 584 2499 adferre
601 2409 691 2499 sote⁸at
704 2482 716 2511 ,,
735 2437 789 2498 hos
807 2459 866 2520 quo
881 2441 998 2520 propius
1024 2441 1063 2502 ad
1122 2463 1124 2468 ·
1206 2473 1207 2482 κ

384 2541 528 2604 feneitarn
542 2540 703 2614 accedunt,
721 2540 778 2602 hoc
791 2543 881 2622 magis
895 2559 981 2624 utque
1000 2531 1062 2610 ma}

385 2652 429 2731 gis
447 2645 620 2710 stultescere.
642 2644 732 2726 Atqui
754 2644 807 2706 hac
828 2662 916 2728 gente
936 2667 997 2738 non
1019 2646 1060 2708 est

377 2925 380 2928 Ι
400 2861 445 2916 (t)
456 2861 515 2904 Forat
526 2863 642 2905 Acamanti-

980 2967 1036 3033 alia
1046 2987 1062 3054 ε’

981 3145 989 3175 t
