2524 3850
400 309 472 390 '168
567 317 904 388 Eireomrvrr

320 509 323 516 .
398 457 432 518 &
449 453 635 533 obsoletum,
655 479 710 522 nec
729 459 835 524 horum
855 441 974 520 omnirio
994 447 1073 518 tem}

394 579 524 642 porum,
545 563 681 624 miracula
703 563 819 625 edere:
846 561 951 623 docere
972 581 1073 643 popu-

393 665 479 739 lum,
503 667 677 730 laboriosum
693 665 811 727 :iactas
836 667 1015 745 interpretari
1034 664 1072 724 li·

391 783 489 845 teras,
508 769 703 852 schoiisticum
717 792 725 831 :
740 790 847 843 orare,
864 767 985 832 otiofum
1001 790 1009 828 z
1027 769 1073 829 la·

391 875 526 957 ehrymas
546 875 691 950 fundere,
709 873 843 938 miserum
860 893 894 935 ac
911 871 1069 933 muliebre:

391 997 501 1062 egere,
520 977 689 1041 sordidtim:
708 983 811 1056 vinci,
830 995 937 1061 turpe,
955 973 1071 1059 p'arum·

392 1103 448 1164 que
464 1084 582 1166 dignum
598 1104 655 1158 eo,
668 1085 716 1166 qui
727 1086 776 1144 vix
788 1083 885 1165 Reges
897 1083 984 1142 etiam
995 1080 1071 1141 sumi

313 1169 316 1178 Ι
390 1197 457 1248 mos
473 1187 511 1245 ad
527 1185 636 1268 pedum
651 1185 804 1249 beatorum
819 1187 945 1247 admittit
956 1184 1051 1246 oscula
1057 1205 1070 1259 ;

391 1291 516 1371 denique
529 1293 604 1351 mori
614 1337 623 1366 ,
635 1290 789 1352 inamabile
799 1312 808 1352 ι
819 1288 884 1352 tolli
894 1289 924 1351 in
938 1277 1069 1362 crucem,

388 1393 507 1454 infame.
526 1393 645 1455 Restant
661 1395 721 1457 sola
737 1395 798 1455 haec
814 1414 913 1470 arma,
930 1417 963 1456 ac
978 1393 1070 1455 bene·

389 1492 530 1555 diiiiones
550 1494 672 1568 dulces,
692 1516 813 1576 quarum
839 1497 970 1556 meminit
991 1495 1070 1555 Pau·

389 1597 433 1658 lus
445 1595 493 1681 (ι)
507 1613 613 1680 ‚atque
624 1598 726 1658 harum
737 1597 855 1680 quidem
868 1617 953 1680 quam
963 1597 1068 1658 mirum

389 1703 447 1763 sint
466 1689 615 1790 berigrri‚
642 1701 884 1779 interditiiorres,
910 1701 1071 1786 suspensio·
1098 1769 1100 1774 ,

389 1827 442 1870 nes
461 1853 471 1882 ,
497 1809 747 1892 aggravationes,
773 1807 1070 1892 redaggravartonesg

388 1911 715 1985 anathematizationes‚
736 1911 850 1971 ultrices
870 1911 1011 1990 pitturae,
1034 1933 1069 1973 ac

388 2012 500 2073 fulmen
522 2013 594 2072 iilud
619 2011 802 2084 terrificum,
826 2031 885 2092 quo
910 2010 971 2074 solo
995 2004 1079 2075 nutu¹

387 2114 552 2174 mortalium
571 2115 678 2172 animas
699 2111 749 2174 vel
772 2112 846 2173 ultra
868 2129 973 2178 tartara
995 2117 1068 2178 mit·

387 2231 479 2289 tunt·‚
500 2214 581 2297 quod
606 2212 697 2297 ipsum
724 2233 826 2279 tamen
850 2217 1012 2282 sanffissimi
1036 2223 1067 2283 in

386 2315 503 2380 Christo
520 2335 637 2399 patres,
657 2319 690 2381 δι
707 2318 812 2382 Christi
826 2325 923 2384 vicarii
935 2367 945 2397 ,
956 2326 984 2384 in
1002 2324 1068 2384 nuls

386 2423 432 2486 los
452 2441 590 2507 torquent
613 2426 722 2499 acrius,
738 2447 824 2508 quam
843 2428 873 2486 in
897 2447 972 2503 eos,
991 2430 1039 2510 qui
1051 2473 1064 2500 ‚

386 2527 535 2611 instigante
558 2527 701 2604 diabolo,
721 2530 894 2610 patrimonia
915 2530 993 2594 Petri
1009 2531 1066 2592 mi·

387 2651 477 2700 nuere
508 2647 596 2724 atque
623 2632 759 2692 arrodere
787 2650 939 2699 conantur.
970 2631 1065 2717 Cujus

394 2794 1062 2821 ------...........-.

415 2870 453 2935 (ι)
467 2871 506 2932 ip.
521 2871 546 2916 at
558 2871 616 2917 tion.
634 2887 654 2919 c.
667 2873 750 2922 xxvi.
938 2855 941 2861 '

1140 1084 1145 1092 -
