2524 3850
418 305 486 390 196
588 284 911 368 Eucomrtrm'

336 477 339 484 ·
413 424 589 497 dicationem
606 435 752 501 Crucifixi.
770 438 887 500 Loculis
902 441 972 506 item
984 472 994 514 ‚-
1006 439 1097 505 vidu=

410 535 464 612 lis,
478 538 511 600 &
523 531 636 602 sarriuis
649 560 771 617 onerat,
787 564 825 604 ne
839 543 917 604 forte
931 533 991 606 nort
1005 544 1093 608 liceat

329 722 333 732 δ
408 641 463 702 illis
485 663 502 704 e
525 643 681 706 diversorio
700 645 869 718 discedere,
889 647 943 705 nisi
959 650 1093 728 impranf·

409 747 457 807 sis.
475 745 541 809 Nec
562 748 611 808 vel
631 747 701 807 illud
724 750 887 809 commovit
912 749 1091 827 hominem5

408 850 490 932 quod
504 851 599 913 ensem
615 871 703 934 quem
717 867 871 934 tantopere
884 850 997 934 jusserat
1009 858 1090 932 emi,

407 971 478 1016 mox
509 955 587 1017 idem
619 953 773 1039 objurgans
805 954 905 1036 jubeat
937 956 1089 1032 recondi,-

407 1060 544 1142 quodque
575 1078 722 1142 nunquam
750 1058 839 1121 fando
869 1063 905 1121 sit
932 1061 1087 1138 auditum,

405 1163 567 1245 Apostolos
584 1164 696 1225 ensibus
710 1181 759 1232 aut
775 1165 886 1246 clypeis
900 1165 964 1225 usos
979 1164 1088 1226 adver*

402 1266 447 1328 sus
468 1270 530 1330 vim
554 1267 771 1344 Ethnicorum,
797 1272 895 1350 utique
918 1267 1040 1344 usuros,
1059 1271 1086 1331 si

402 1369 531 1433 Christus
546 1374 604 1434 hoc
620 1371 745 1434 sensiffe't
757 1418 766 1447 ,
779 1373 859 1455 quod
877 1374 923 1434 hic
937 1375 1085 1455 interpre-

398 1479 485 1535 taturt
504 1473 554 1534 Est
568 1476 658 1549 alius,
677 1487 765 1556 quem
784 1476 902 1536 honoris
920 1475 999 1536 causa
1017 1493 1082 1539 'notu

399 1580 521 1640 nomino
531 1625 541 1656 ,
551 1579 773 1664 haudquaquam
786 1578 921 1662 postremi
936 1580 1081 1654 nominis,

399 1687 485 1766 quie
507 1688 662 1759 tentoriis,
682 1705 807 1765 quorum
829 1686 959 1745 meminit
977 1682 1081 1762 Habaf

398 1811 476 1865 cuc,
504 1792 693 1852 Turbabunmr
715 1787 804 1869 pelles
828 1805 902 1847 terre
930 1790 1078 1860 Madian,

397 1894 507 1975 pellem
520 1894 621 1954 fecerit
633 1890 838 1950 Bartholomaei
852 1895 999 1953 excoriati.
1013 1892 1078 1975 Ipsa

396 2013 489 2073 nuper
509 1995 624 2056 interfui
643 1985 842 2050 Differtarioni
864 1979 1078 2076 Theologicae,

394 2113 463 2158 nam
479 2096 508 2152 id
521 2091 595 2152 fario
613 2093 787 2170 frequenter.
800 2088 846 2151 lbi
859 2107 925 2153 cum
936 2095 1075 2180 quispiam

394 2199 544 2281 exigeret,
561 2207 624 2278 quae
640 2192 761 2254 tandem
777 2193 846 2258 effer
861 2198 1023 2264 divinarum
1036 2205 1080 2268 lif-1

391 2299 519 2363 terarum
535 2299 712 2374 ammiras,
730 2320 794 2381 quae
817 2298 933 2376 juberet
952 2306 1072 2368 haeretia

390 2425 442 2470 cos
461 2406 598 2469 incendio
614 2404 710 2478 vinci,
727 2406 818 2486 magis
838 2426 926 2487 quam
943 2407 1072 2492 disputa.

386 2514 472 2574 tione
489 2512 619 2583 revinci,
633 2506 729 2576 Senex
745 2506 862 2590 quidam
878 2507 1015 2591 severus,
1034 2517 1069 2578 ὃ(

390 2617 440 2678 vel
459 2614 609 2698 supercilio
626 2602 720 2685 teste,
740 2608 936 2696 Theologus‚
957 2635 1068 2704 magno

390 2717 537 2782 stomacho
563 2716 734 2799 respondit,
754 2714 829 2780 hanc
853 2717 951 2804 legem
973 2724 1067 2789 tuliss'e

386 2821 507 2886 Paruum
525 2819 724 2902 Apostolum,
739 2821 789 2902 qui
807 2819 909 2888 dixerit
920 2847 929 2888 ε
941 2831 1061 2898 Hoetu
