2524 3850
404 333 682 406 Mourm‘
809 348 872 429 ιμ

194 469 300 534 'diduri
319 469 357 533 de
377 470 537 550 charitate,
557 495 574 536 a
593 473 664 536 Nilo
681 472 807 558 AEgypti
823 473 881 536 flu·

196 578 250 640 vio
268 574 382 638 sumunt
400 578 553 641 exordium
563 599 573 654 ;
593 593 642 638 aut
659 581 749 638 crucis
766 561 881 660 myste-
1007 568 1014 593 '¹

196 681 272 742 rium
286 685 459 758 enarraturi,
472 705 489 744 a
502 682 670 766 Babylonio
686 681 812 744 dracone
825 682 880 748 Bel

196 782 319 850 feliciter
337 785 539 870 auspicamur3
559 803 606 851 aut
631 787 669 848 de
689 781 802 866 jejunio
820 785 882 846 dis·
914 799 921 812 ·

195 894 345 973 putaturi,
361 908 380 954 a
396 890 553 953 duodecim
570 891 682 954 zodiaci
698 891 785 973 signis
799 891 882 972 prin·

196 994 451 1076 cipiumfaciun13
468 1013 518 1060 aut
533 996 571 1060 de
583 993 743 1059 fideverba
760 991 884 1070 fallari,

196 1096 248 1160 diu
270 1098 308 1161 de
333 1099 504 1183 quadratura
530 1099 629 1162 cirmli
656 1097 884 1182 praeloquuntur·
1001 1109 1002 1119 ¹

194 1200 308 1266 Audivi
314 1203 375 1286 ipsa
383 1197 541 1288 quemdam
553 1208 658 1270 eximie
670 1203 806 1278 stultum,
820 1202 885 1286 [er-

194 1309 260 1370 ravi
268 1352 279 1383 ,
288 1308 407 1370 doctum
420 1309 559 1374 volebam
570 1308 686 1392 dicere]
695 1311 761 1393 ‚qui
771 1312 801 1370 in
813 1328 887 1370 con·
1013 1383 1017 1390 Ι

195 1412 284 1474 cion'e
302 1412 491 1477 celeberrima
509 1414 616 1478 divinae
631 1413 750 1484 Triadis
770 1411 885 1498 myste-

192 1518 269 1580 rium
285 1518 476 1601 explicaturus
488 1533 568 1604 ,quo
584 1519 617 1582 dt
629 1519 791 1580 dollrinam
803 1517 884 1580 suam
905 1543 907 1548 ¹

193 1641 258 1682 non
271 1622 428 1702 *vulgarem
445 1622 624 1694 ostentaret,
641 1623 675 1694 δι
690 1621 887 1703 Theologicis
922 1668 926 1682 .

193 1720 373 1783 satisfaceret
388 1721 526 1796 auribus,
546 1737 626 1786 nora
642 1723 758 1802 pnorsus
776 1726 888 1805 ingres·

196 1821 243 1908 sus
263 1821 306 1884 est
324 1825 397 1906 via,
418 1824 556 1888 nimirum
574 1845 591 1884 a
611 1824 723 1900 literis,
747 1824 887 1906 syllabis,

197 1927 235 1994 dt
250 1928 384 1990 oratione
395 1941 485 2003 '„tum
498 1951 516 1990 c
530 1929 688 1992 concordia
706 1931 833 1992 nominis
852 1930 887 1994 dt

194 2032 308 2108 verbi,
331 2031 468 2114 adjectivi
489 2035 616 2096 nominis
640 2033 673 2098 δι
694 2033 888 2110 substantiva

196 2135 367 2198 mirantibus
392 2134 643 2221 impletisque,
671 2160 707 2200 ac
735 2138 886 2202 nonnullis

197 2237 393 2302 Horatianum
411 2237 483 2299 illud
502 2241 579 2321 apud
597 2239 627 2302 se
647 2243 885 2321 mussitantibus,¹

200 2343 338 2428 Quorfiaem
358 2344 413 2404 lraec
436 2361 492 2404 tam
511 2345 612 2425 putida
634 2346 778 2408 rendunt?
800 2345 887 2410 Tao-
946 2375 950 2386 ·

200 2450 272 2517 dem
293 2449 350 2511 huc
368 2468 433 2510 cem
448 2447 594 2528 deduxit,
611 2463 645 2510 ut
663 2449 694 2508 in
717 2453 887 2530 gratnmati·
937 2441 941 2448 ¹

198 2575 304 2618 corum
320 2552 491 2616 rudimentis
510 2552 552 2614 sic
567 2549 729 2633 expressum
748 2550 887 2618 ostende·

200 2675 248 2722 ret
267 2660 357 2720 totius
378 2654 492 2718 Triadis
516 2655 720 2732 simulacrum,
741 2671 774 2720 ut
794 2678 884 2724 nemo

202 2760 475 2824 mathematicorum
501 2761 532 2820 in
558 2759 678 2860 pulvere
702 2760 796 2846 pollet
822 2765 888 2827 evi·
975 2815 977 2820 .

206 2867 322 2934 dentius
339 2863 508 2950 depingere.
523 2862 624 2952 Atque
638 2869 668 2934 in
682 2868 736 2934 hac
753 2869 887 2934 oratione
