2506 3862
358 315 617 391 Monta.
709 284 835 418 '125'

148 473 238 546 'qoam
251 457 385 526 nonnihil
399 459 440 520 illi
455 459 574 542 quidem
589 461 838 542 prevaricantur,¹

151 563 361 646 colluduntque
371 583 439 626 cum
452 561 632 646 Philosophis
642 610 652 640 ,
664 581 762 628 tamen
772 559 843 630 hos³

152 687 272 754 quoque
298 666 402 730 nostrae
424 667 557 730 faffionis
581 665 663 742 elle,
686 689 753 730 cum
775 671 831 733 alia
937 663 941 672 ⁴

70 781 74 786 ’
154 772 267 848 multa,
281 787 344 834 tum
363 772 434 834 illud
453 775 483 834 in
502 775 601 855 primis
618 771 731 856 arguit:
751 773 833 856 quod

154 891 261 956 praeter
281 878 349 938 alias
373 895 491 958 nugas,
513 891 574 936 tam
596 891 754 952 accurate,
773 892 835 938 tam

157 981 249 1044 multa
267 981 305 1040 de
325 977 442 1061 jocandi
458 981 572 1041 ratione
594 978 837 1062 conscripserunt3
902 959 906 971 ⁸

156 1099 244 1168 atque
262 1082 338 1145 adeo
358 1081 503 1144 stultitiam
526 1081 638 1164 ipsam,
658 1084 734 1146 inter
758 1083 839 1147 face·

157 1189 262 1250 riarum
273 1185 403 1269 species,
418 1203 573 1262 numerat,
587 1185 709 1270 quisquis
723 1189 747 1250 is
763 1187 839 1266 fuit,

97 1319 99 1324 ·
157 1294 210 1375 qui
232 1290 270 1352 ad
290 1291 473 1352 Herennium
495 1289 613 1352 dicendi
634 1308 728 1352 artem
751 1313 841 1354 cons·-

158 1385 277 1478 c'ripsit3
289 1395 427 1478 quodque
446 1395 523 1476 apud
544 1393 774 1475 Quintilianum,
785 1397 841 1458 hu·

160 1500 207 1586 jus
222 1500 330 1563 ordinis
347 1499 437 1582 longe
452 1499 636 1580 principem,
652 1515 738 1584 caput¹
752 1494 793 1574 est
808 1503 842 1562 dc

160 1605 232 1685 Risu
245 1603 297 1668 vel
310 1601 401 1663 Iliade
414 1601 562 1683 prolixius.
572 1599 701 1663 Tantum
716 1604 843 1687 denique

162 1709 287 1772 stultitiae
307 1706 460 1781 tribuunt,
486 1722 519 1765 ut
542 1705 741 1787 saepenumero
764 1707 846 1790 quod

165 1811 251 1874 nullis
268 1810 442 1890 argumentis
459 1807 528 1868 dilui
544 1812 658 1889 possit,
676 1809 730 1870 risu
747 1827 846 1872 tamen
931 1842 933 1844 ·

31 1963 32 1970 ,
56 1979 67 1997 -.
149 1913 324 2002 „eludamm
348 1913 400 1973 nisi
423 1913 448 1973 si
468 1913 530 1994 quis
551 1914 608 1975 hoc
632 1915 784 1977 arbitretur
810 1915 854 1976 ad'

74 2063 108 2085 ..ι
164 2007 313 2086 dutitiam
338 2041 399 2080 non
427 2020 598 2100 pertinere,
619 2019 743 2081 ridiculis
769 2019 851 2084 didlis

50 2155 54 2164 ’
76 2133 80 2136 ’
168 2129 298 2190 excitare
314 2124 491 2195 cachinnos,
506 2125 595 2206 idque
609 2141 680 2208 arte.
696 2121 790 2208 Hujus
805 2125 853 2187 fa-

170 2231 242 2291 rinae
263 2225 326 2285 sunt
346 2223 379 2282 ὃ(
398 2221 464 2293 isti,
486 2227 535 2302 qui
555 2226 634 2285 libris
661 2228 781 2290 edendis
803 2223 856 2291 fa?

127 2340 129 2344 '
175 2315 257 2412 malni
276 2323 476 2396 immortalem
502 2306 688 2404 aucupantur.
710 2327 856 2391 Hiccurn

175 2454 281 2497 omnes
296 2430 365 2492 mihi
382 2428 539 2511 plurimum
554 2428 685 2502 debent,
703 2449 764 2493 turn
781 2433 858 2514 praess

98 2563 111 2612 ς
153 2540 263 2620 Ιεἱριιε
290 2535 339 2618 qui
365 2553 459 2595 meras
487 2551 578 2616 nugas
600 2521 707 2592 'chartis
734 2534 859 2600 illinunt.¹

103 2671 108 2700 .·
158 2629 160 2634 ¹
179 2639 260 2704 Nam
275 2640 323 2719 qui
342 2637 454 2698 erudite
474 2636 512 2697 ad
527 2654 686 2718 paucorum
706 2638 860 2705 dodorum'

120 2761 123 2776 ³
180 2737 485 2827 judicium-scribunt,
504 2741 611 2822 quique
633 2761 688 2803 nec
709 2743 859 2828 Persium,

133 2833 141 2858 ²
182 2867 239 2922 nec
256 2843 375 2910 Laelium
391 2841 519 2927 judicem
535 2842 686 2925 recusant,
705 2851 776 2914 mihi
795 2856 860 2936 qui„
