2506 3862
367 291 461 362 Mo
486 311 513 364 a
536 269 621 366 rm·
769 311 834 382 ¹4¹

162 431 270 506 roias,
288 445 320 494 ur
338 443 461 516 putant,
479 431 705 518 Theologomm
721 435 854 520 argutias,

164 534 324 608 nauseem„
335 534 408 598 Sunt
425 539 482 621 qui,
495 537 576 600 velut
596 535 732 620 sacrilegii
753 557 847 620 genus

164 653 356 716 execrentur,
369 639 568 725 summamque
587 639 694 704 ducant
710 642 848 723 impieta-

166 743 300 820 tem‚.'sle
317 743 402 810 rebus
417 762 479 811 tam
497 746 628 820 arcanis,
643 743 677 806 &
693 742 847 808 adorandis

55 847 60 854 “
167 849 259 931 magis
279 867 367 930 quam
387 847 587 939 explicandis,
606 863 668 909 tam
691 845 775 908 illoto
797 865 850 913 ore

166 951 271 1034 loqui,
287 968 349 1010 tam
373 949 529 1031 prophanis
550 949 741 1012 Ethnicorum
761 971 852 1034 argu-

168 1057 215 1114 tiis
229 1051 392 1135 disputare,
405 1067 467 1113 tam
479 1069 647 1136 arroganter
665 1050 785 1116 definire
795 1099 806 1128 ‚
816 1073 852 1116 ac

169 1159 276 1222 divina
294 1153 672 1240 Theologiaefmajellatem
692 1173 753 1217 tam
771 1155 855 1241 frigi·

170 1261 239 1338 dis,
252 1263 314 1324 imo
331 1259 453 1322 sordidis
469 1261 569 1348 verbis
586 1261 671 1322 simul
688 1261 721 1324 &
739 1260 855 1324 senten·

120 1419 122 1426 ,
171 1366 239 1439 tiis,
256 1363 454 1446 conspurcare.
474 1363 518 1426 At
538 1367 653 1427 interim
671 1366 726 1447 ipsi
747 1364 856 1428 felicis·

172 1467 245 1543 sime
259 1468 313 1530 sibi
328 1467 465 1549 placent,
475 1470 538 1529 imo
555 1467 716 1549 plaudunt,
732 1469 808 1532 adeo
821 1485 855 1532 ut
898 1465 901 1470 ’

170 1571 216 1634 his
233 1569 404 1634 suavissimis
426 1572 548 1645 neniis,
567 1569 655 1632 nosle
674 1571 778 1656 dieque
799 1595 856 1636 oc-

173 1677 284 1758 cupatis
295 1718 306 1749 ,
323 1693 361 1734 ne
382 1672 524 1736 tantulum
542 1674 661 1756 quidem
685 1679 737 1739 orii
757 1676 857 1759 super·
909 1739 911 1746 s

176 1780 237 1854 sit,
251 1791 283 1836 ur
302 1772 516 1856 Evangelium,
531 1792 580 1844 aut
594 1775 725 1838 Paulinas
745 1777 861 1861 Episto-

177 1882 220 1945 las
238 1879 287 1946 vel
304 1877 394 1941 semel
411 1877 497 1940 liceat
515 1879 668 1944 evolvere.
693 1880 793 1966 Atque
812 1883 859 1944 in-

159 1993 162 1998 ’
176 1983 436 2060 terim,dum-lraec
452 2001 597 2068 nugantur
608 1986 638 2045 in
651 1984 772 2061 scholis,
786 1988 861 2048 exis-

173 2095 282 2156 *rimant
297 2087 356 2150 sese
376 2085 539 2150 universam
554 2086 735 2166 Ecclesiam,
752 2089 863 2172 alioqrfi

180 2196 338 2262 ruituram,
348 2207 410 2248 non
423 2189 505 2248 aliter
517 2187 750 2272 syllogismorum
762 2193 863 2254 fulcite

181 2291 368 2364 tibicinibus,
389 2307 477 2372 quam
498 2285 583 2348 Atlas
605 2293 713 2352 caelum
734 2295 862 2356 humeris

183 2397 298 2462 sustinet
320 2392 398 2478 apud
423 2389 540 2452 Poetas.
563 2387 630 2454 Jam
654 2393 725 2455 illud
749 2412 865 2479 quamn

185 2503 328 2569 solicitatis
345 2497 402 2562 elle
421 2496 551 2581 putatis,
570 2494 641 2559 dum
659 2518 776 2561 arcanas
793 2500 864 2564 lite-

186 2631 256 2684 ras,
273 2603 394 2690 perinde
414 2602 497 2686 quasi
514 2617 607 2662 cerere
624 2601 703 2677 sint,
719 2623 775 2687 pro
798 2600 867 2668 libi·

189 2712 259 2775 cline
273 2708 400 2770 formant
416 2727 451 2766 ac
464 2702 647 2781 reformant;
661 2705 731 2768 dum
747 2710 868 2773 conclu·

14 2895 19 2928 r
137 2807 140 2814 ’
190 2818 288 2896 §iones
304 2810 366 2877 suas
375 2801 500 2894 ,quibus
515 2804 575 2892 jam
590 2809 700 2897 aliquot
713 2810 870 2880 scholastici
