2496 3876
389 227 431 275 η
557 211 886 280 Enconrvm

423 345 487 408 ΙΙΙ.
507 346 581 410 Jnnr
599 371 671 413 vero
687 372 748 412 non
762 347 846 436 hujus
863 344 912 432 (1)
929 343 1005 430 fario
1018 338 1065 406 sa⁴

380 452 494 532 pientes
510 450 595 528 istos,
608 457 657 536 qui
675 452 866 515 stultissimum
886 453 918 513 &
933 449 1060 512 insolen-

380 557 522 616 tissimum
540 555 595 618 esse
612 557 787 639 praedicant,
801 557 824 616 si
843 557 905 638 quis
922 553 982 637 ipse
998 553 1060 614 lau·

381 657 464 718 dibus
482 658 511 720 se
532 659 614 721 ferar.
629 660 671 722 Sit
687 659 752 721 sane
768 679 856 741 quarn
871 656 974 719 volent
988 655 1060 718 stul-

319 753 324 760 ’
380 777 460 837 tum,
472 763 564 824 modo
578 763 718 825 decorum
734 761 790 826 effe
806 761 959 824 fateantur.
972 759 1056 840 Quid

379 868 459 928 enim
469 869 560 950 magis
572 867 711 950 quadrat,
727 888 813 952 quarn
823 883 855 928 ut
863 865 922 950 ipsa
931 865 1055 927 Mouln

378 968 490 1032 suarum
511 971 628 1034 laudum
648 974 684 1034 sit
705 973 904 1047 buccinatrix,
932 971 964 1031 &
989 969 1056 1038 anri

379 1075 473 1142 inuria
493 1082 564 1154 ἁπλῇ
585 1069 669 1155 (2)?
684 1074 759 1154 Quis
786 1077 865 1135 enim
886 1095 935 1136 me
954 1073 1059 1135 melius

379 1178 522 1256 exprimat
539 1196 625 1258 quarn
640 1176 699 1260 ipsa
717 1177 788 1242 me.²
804 1175 869 1237 Nisi
889 1179 971 1237 sicui
987 1176 1053 1236 for·

378 1295 410 1340 re
430 1278 528 1338 notior
547 1280 625 1356 sim,
647 1301 733 1363 quarn
757 1297 877 1365 egomet
894 1279 955 1342 sum
974 1279 1056 1346 mihi.
1079 1305 1081 1310 ’

377 1379 554 1462 Quanquam
580 1404 638 1466 ego
666 1384 724 1446 hoc
749 1385 856 1467 alioqui
880 1407 942 1447 non
965 1385 1055 1469 paulo
1080 1435 1081 1438 ,

377 1485 464 1571 etiam
482 1483 637 1546 modestius
657 1486 801 1562 arbitror,
822 1509 908 1570 quam
924 1489 955 1548 id
973 1488 1055 1571 quod

377 1590 551 1668 optimarum
570 1611 604 1650 ac
624 1587 784 1672 sapientum
804 1591 908 1675 vulgus
924 1591 1054 1682 faRitat,

376 1693 426 1772 qui
445 1692 581 1773 perverso
599 1693 728 1776 quodam
749 1694 884 1778 pudore,
901 1697 953 1760 vel
971 1696 1056 1760 Rhe,

375 1812 472 1858 torem
500 1801 666 1882 quempiam
693 1798 876 1883 palponem‚
901 1801 950 1865 vel
978 1805 1056 1884 po'e'-

374 1917 435 1964 tam
448 1902 659 1980 vaniloquum,
674 1899 828 1961 subornare
844 1899 957 1974 solent,
971 1923 1054 1964 eum·

374 2022 431 2083 que
448 2000 584 2060 mercede
602 1998 776 2060 condumum
786 2023 825 2074 ,a
841 2021 899 2083 quo
914 2001 975 2064 suas
988 2005 1054 2066 lau-

373 2105 425 2168 des
442 2101 579 2174 audiant,
597 2101 655 2162 hoc
675 2099 716 2162 est
733 2122 815 2172 mera
834 2106 994 2170 mendacia.
1012 2109 1053 2172 Et
1147 2180 1151 2188 ‚

370 2224 470 2268 tamen
490 2204 672 2288 verecundus
693 2205 809 2269 interim
835 2209 906 2286 ille,
927 2215 1051 2294 pavonis

370 2313 400 2372 in
423 2328 563 2381 tuorem,
583 2330 693 2391 pennas
713 2311 811 2387 tollit,
833 2311 926 2374 cristas
947 2319 1051 2399 erigit,

371 2432 439 2478 cum
459 2413 612 2496 impudens
632 2411 785 2476 affentator
803 2417 882 2476 nihili
900 2417 1052 2483 hominem

371 2518 425 2580 diis
441 2520 620 2602 aequiparat,
640 2537 706 2583 eum
732 2516 895 2581 absolutum
918 2525 1049 2586 omnium

375 2640 1049 2672 ’Ἣ

398 2709 408 2756 (
418 2721 421 2742 ι
430 2708 439 2756 )
454 2708 467 2744 i.
483 2717 502 2744 e.
516 2720 555 2744 non
563 2707 607 2745 hili.
692 2743 698 2753 ,

398 2777 442 2831 (a)
457 2773 540 2828 ipsasui
550 2778 609 2826 ipsius
622 2758 716 2819 strictae.
