2508 4596
558 222 808 288 Monte.
953 221 1021 311 '¹45

345 360 553 442 cognomine,
578 379 643 419 cum
663 358 695 420 δι
715 357 793 418 bona
816 377 882 438 pars
906 353 1025 418 istorum

347 463 515 545 longissime
529 463 602 524 absit
614 485 631 524 a
642 462 799 544 religione,
812 462 844 523 δι
856 462 925 523 nulli
935 463 1026 544 magis

348 565 483 637 omnibus
505 566 576 628 locis
597 569 653 627 sint
676 566 767 629 obvii.
788 563 825 624 lis
849 587 909 626 non
933 567 1023 628 video

347 669 418 752 quid
436 674 525 753 possit
542 669 598 732 esse
613 667 762 742 miseiius,
779 670 842 746 nisi
853 687 909 750 ego
920 657 1025 732 ¹multis

346 775 442 835 modis
450 774 652 836 succurrerem.
663 773 777 835 Etenim
789 794 854 834 cum
863 771 922 833 hoc
933 770 1025 834 homi.

344 899 416 938 num
434 899 523 959 genus
538 898 641 938 omnes
656 880 695 937 sic
711 895 902 950 execrentur,
917 892 950 936 ut
964 873 1024 937 fot·

346 982 450 1039 ruitum
462 983 547 1040 etiam
558 979 707 1041 occursum
718 980 879 1041 ominosum
891 979 946 1040 effe
958 991 1024 1060 perss

345 1083 454 1145 suasum
468 1085 520 1159 sit,
533 1101 630 1146 tamen
643 1086 697 1166 ipsi
709 1085 762 1144 sibi
775 1081 926 1167 magnifice
940 1083 1023 1146 blan·

344 1189 470 1250 diuntur.
482 1189 626 1262 Primum,
636 1187 775 1249 summam
787 1187 947 1250 existimant
958 1189 1023 1268 pie·

343 1274 452 1367 tatem,
464 1295 487 1352 si
501 1292 587 1374 usque
600 1290 675 1352 adeo
687 1291 757 1351 nihii
766 1294 911 1374 attigerint
924 1293 1023 1354 litera·

343 1415 424 1470 rum,
435 1413 466 1458 ut
477 1417 514 1457 ne
526 1397 623 1479 legere
634 1396 751 1478 quidem
760 1399 880 1478 possint.
890 1395 1022 1474 Deinde,

342 1493 412 1562 ¹cum
429 1499 553 1563 Psalmos
569 1501 654 1576 suos,
670 1509 835 1562 numeratos
851 1502 969 1583 quidem
984 1504 1020 1563 il·

341 1707 375 1764 in
392 1705 509 1784 templis
526 1700 691 1775 derudunt,
705 1705 903 1766 tum'vero-se
919 1723 1022 1786 putant

345 1805 495 1869 Diuorum
517 1804 598 1876 iures
621 1804 711 1866 multa
726 1806 883 1887 ‘voluptate
906 1808 1022 1870 demul-

246 1940 257 1956 ·
339 1930 423 1972 cere.
441 1907 557 1969 Etsunt
573 1928 609 1970 ex
627 1909 670 1968 his
689 1911 839 1986 nonnulli,
856 1914 905 1995 qui
923 1913 1022 1978 sordes

339 2039 378 2079 ac
392 2015 608 2076 mendicitatem
623 2035 730 2097 magno
744 2015 893 2090 tiendum,
907 2039 1022 2101 proque

339 2119 456 2182 foribus
470 2117 577 2198 magno
593 2117 704 2200 mugitu
720 2137 826 2206 panem
841 2118 1020 2204 efflagitatum

340 2226 406 2285 imo
425 2223 454 2281 in
471 2220 554 2280 nullis
568 2219 729 2280 'diversoriis
740 2266 750 2295 ,
761 2224 922 2299 vehiculis,
935 2230 1021 2287 navi·

339 2329 397 2390 bus
420 2343 481 2386 non
504 2322 682 2396 obturbant,
704 2325 765 2382 nort
787 2327 927 2388 mediocri
946 2349 1019 2409 pro-

339 2428 421 2495 fetto
435 2425 611 2510 reliquorum
623 2425 823 2486 mendicorum
835 2425 952 2506 jactura.
965 2431 1020 2492 Ats'
1080 2453 1085 2464 ·

340 2553 402 2619 que
418 2532 455 2592 ad
473 2552 540 2592 eum
556 2529 679 2610 modum
697 2529 830 2590 homines
843 2529 1018 2612 suavissimi,
1087 2533 1091 2542 '

338 2635 489 2706 sordibus,
501 2631 624 2707 inscitia,
636 2630 808 2707 rusticitate,
821 2632 1017 2715 impudentia,

344 2735 528 2824 Apostolos,
541 2751 572 2798 ut
584 2736 681 2810 aiunt,
691 2735 921 2804 nobisreserunt.
933 2741 1016 2825 Quid
