<?xml version="1.0" encoding="UTF-8"?>
<!DOCTYPE html PUBLIC "-//W3C//DTD XHTML 1.0 Transitional//EN"
    "http://www.w3.org/TR/xhtml1/DTD/xhtml1-transitional.dtd">
<html xmlns="http://www.w3.org/1999/xhtml" xml:lang="en" lang="en">
 <head>
  <title>
</title>
<meta http-equiv="Content-Type" content="text/html;charset=utf-8" />
  <meta name='ocr-system' content='tesseract 3.04.00' />
  <meta name='ocr-capabilities' content='ocr_page ocr_carea ocr_par ocr_line ocrx_word'/>
</head>
<body>
  <div class='ocr_page' id='page_1' title='image "./mriasenkmionstu00quergoog_0177.png"; bbox 0 0 2524 3850; ppageno 0'>
   <div class='ocr_carea' id='block_1_1' title="bbox 607 129 614 138">
    <p class='ocr_par' dir='ltr' id='par_1_1' title="bbox 607 129 614 138">
     <span class='ocr_line' id='line_1_1' title="bbox 607 129 614 138; baseline 0 -6"><span class='ocrx_word' id='word_1_1' title='bbox 607 129 614 138; x_wconf 59' lang='grc'>.,</span> 
     </span>
    </p>
   </div>
   <div class='ocr_carea' id='block_1_2' title="bbox 274 261 895 375">
    <p class='ocr_par' dir='ltr' id='par_1_2' title="bbox 274 261 895 375">
     <span class='ocr_line' id='line_1_2' title="bbox 274 261 895 375; baseline -0.008 -29"><span class='ocrx_word' id='word_1_2' title='bbox 274 261 277 268; x_wconf 61' lang='grc'>’</span> <span class='ocrx_word' id='word_1_3' title='bbox 376 279 631 370; x_wconf 57' lang='lat' dir='ltr'>Morere,</span> <span class='ocrx_word' id='word_1_4' title='bbox 765 261 895 375; x_wconf 62' lang='lat'>357,</span> 
     </span>
    </p>
   </div>
   <div class='ocr_carea' id='block_1_3' title="bbox 112 415 870 2461">
    <p class='ocr_par' dir='ltr' id='par_1_3' title="bbox 112 415 870 2461">
     <span class='ocr_line' id='line_1_3' title="bbox 152 415 870 502; baseline -0.001 -22"><span class='ocrx_word' id='word_1_5' title='bbox 152 415 244 502; x_wconf 61' lang='lat' dir='ltr'>quarn</span> <span class='ocrx_word' id='word_1_6' title='bbox 262 415 376 501; x_wconf 86' lang='lat' dir='ltr'>utrique</span> <span class='ocrx_word' id='word_1_7' title='bbox 393 418 489 480; x_wconf 88' lang='lat' dir='ltr'>alteris</span> <span class='ocrx_word' id='word_1_8' title='bbox 507 417 594 500; x_wconf 86' lang='lat' dir='ltr'>usque</span> <span class='ocrx_word' id='word_1_9' title='bbox 615 419 690 481; x_wconf 88' lang='lat' dir='ltr'>adeo</span> <span class='ocrx_word' id='word_1_10' title='bbox 707 417 771 480; x_wconf 82' lang='lat' dir='ltr'>sunt</span> <span class='ocrx_word' id='word_1_11' title='bbox 792 421 836 479; x_wconf 79' lang='lat' dir='ltr'>si·</span> <span class='ocrx_word' id='word_1_12' title='bbox 868 433 870 438; x_wconf 81' lang='grc'>’</span> 
     </span>
     <span class='ocr_line' id='line_1_4' title="bbox 159 521 835 602; baseline -0.001 -18"><span class='ocrx_word' id='word_1_13' title='bbox 159 523 264 596; x_wconf 89' lang='lat' dir='ltr'>miles,</span> <span class='ocrx_word' id='word_1_14' title='bbox 283 537 314 582; x_wconf 89' lang='lat' dir='ltr'>ut</span> <span class='ocrx_word' id='word_1_15' title='bbox 332 541 420 584; x_wconf 88' lang='lat' dir='ltr'>nemo</span> <span class='ocrx_word' id='word_1_16' title='bbox 446 521 580 596; x_wconf 91' lang='lat' dir='ltr'>dubitet,</span> <span class='ocrx_word' id='word_1_17' title='bbox 600 523 666 602; x_wconf 90' lang='lat' dir='ltr'>quin</span> <span class='ocrx_word' id='word_1_18' title='bbox 685 535 732 582; x_wconf 78' lang='lat' dir='ltr'>aut</span> <span class='ocrx_word' id='word_1_19' title='bbox 748 523 778 582; x_wconf 85' lang='lat' dir='ltr'>hi</span> <span class='ocrx_word' id='word_1_20' title='bbox 799 522 835 583; x_wconf 85' lang='lat' dir='ltr'>ab</span> 
     </span>
     <span class='ocr_line' id='line_1_5' title="bbox 159 624 837 705; baseline 0.001 -19"><span class='ocrx_word' id='word_1_21' title='bbox 159 625 236 700; x_wconf 72' lang='lat' dir='ltr'>illio,</span> <span class='ocrx_word' id='word_1_22' title='bbox 255 643 303 686; x_wconf 89' lang='lat' dir='ltr'>aut</span> <span class='ocrx_word' id='word_1_23' title='bbox 319 626 414 705; x_wconf 15' lang='lat' dir='ltr'>illi-ab</span> <span class='ocrx_word' id='word_1_24' title='bbox 434 626 476 686; x_wconf 87' lang='lat' dir='ltr'>his</span> <span class='ocrx_word' id='word_1_25' title='bbox 496 625 676 687; x_wconf 87' lang='lat' dir='ltr'>Rhetoricen</span> <span class='ocrx_word' id='word_1_26' title='bbox 693 624 772 685; x_wconf 82' lang='lat' dir='ltr'>suam</span> <span class='ocrx_word' id='word_1_27' title='bbox 792 627 837 687; x_wconf 83' lang='lat' dir='ltr'>‹li-</span> 
     </span>
     <span class='ocr_line' id='line_1_6' title="bbox 160 727 838 810; baseline 0.001 -21"><span class='ocrx_word' id='word_1_28' title='bbox 160 728 291 790; x_wconf 82' lang='lat' dir='ltr'><strong>dicerint.</strong></span> <span class='ocrx_word' id='word_1_29' title='bbox 312 727 348 790; x_wconf 90' lang='lat' dir='ltr'>Et</span> <span class='ocrx_word' id='word_1_30' title='bbox 366 747 465 791; x_wconf 88' lang='lat' dir='ltr'>tamen</span> <span class='ocrx_word' id='word_1_31' title='bbox 482 731 633 792; x_wconf 88' lang='lat' dir='ltr'>inveniunt</span> <span class='ocrx_word' id='word_1_32' title='bbox 653 729 683 788; x_wconf 92' lang='lat' dir='ltr'>hi</span> <span class='ocrx_word' id='word_1_33' title='bbox 703 749 838 810; x_wconf 90' lang='lat' dir='ltr'>quoque,</span> 
     </span>
     <span class='ocr_line' id='line_1_7' title="bbox 161 831 841 914; baseline -0.003 -22"><span class='ocrx_word' id='word_1_34' title='bbox 161 853 227 894; x_wconf 84' lang='lat' dir='ltr'>mea</span> <span class='ocrx_word' id='word_1_35' title='bbox 239 836 373 894; x_wconf 86' lang='lat' dir='ltr'>nimirum</span> <span class='ocrx_word' id='word_1_36' title='bbox 385 853 492 914; x_wconf 85' lang='lat' dir='ltr'>opera,</span> <span class='ocrx_word' id='word_1_37' title='bbox 502 835 551 913; x_wconf 87' lang='lat' dir='ltr'>qui</span> <span class='ocrx_word' id='word_1_38' title='bbox 562 853 627 892; x_wconf 83' lang='lat' dir='ltr'>cum</span> <span class='ocrx_word' id='word_1_39' title='bbox 636 831 841 906; x_wconf 45' lang='lat' dir='ltr'>hos‘audiunt,</span> 
     </span>
     <span class='ocr_line' id='line_1_8' title="bbox 160 933 843 998; baseline -0.006 0"><span class='ocrx_word' id='word_1_40' title='bbox 160 934 377 998; x_wconf 85' lang='lat' dir='ltr'>Demosthenes</span> <span class='ocrx_word' id='word_1_41' title='bbox 393 954 491 996; x_wconf 84' lang='lat' dir='ltr'>meros</span> <span class='ocrx_word' id='word_1_42' title='bbox 511 953 544 995; x_wconf 84' lang='lat' dir='ltr'>ac</span> <span class='ocrx_word' id='word_1_43' title='bbox 563 933 725 997; x_wconf 78' lang='lat' dir='ltr'>Cicerones</span> <span class='ocrx_word' id='word_1_44' title='bbox 744 935 843 995; x_wconf 79' lang='lat' dir='ltr'>audire</span> 
     </span>
     <span class='ocr_line' id='line_1_9' title="bbox 161 1038 846 1123; baseline -0.003 -24"><span class='ocrx_word' id='word_1_45' title='bbox 161 1039 190 1100; x_wconf 84' lang='lat' dir='ltr'>se</span> <span class='ocrx_word' id='word_1_46' title='bbox 204 1053 314 1120; x_wconf 78' lang='lat' dir='ltr'>putant.</span> <span class='ocrx_word' id='word_1_47' title='bbox 330 1038 425 1120; x_wconf 89' lang='lat' dir='ltr'>Quod</span> <span class='ocrx_word' id='word_1_48' title='bbox 437 1058 527 1123; x_wconf 81' lang='lat' dir='ltr'>genus</span> <span class='ocrx_word' id='word_1_49' title='bbox 537 1038 600 1099; x_wconf 90' lang='lat' dir='ltr'>sunt</span> <span class='ocrx_word' id='word_1_50' title='bbox 613 1039 757 1120; x_wconf 75' lang='lat' dir='ltr'>praecip&#39;ue</span> <span class='ocrx_word' id='word_1_51' title='bbox 768 1057 846 1098; x_wconf 86' lang='lat' dir='ltr'>rner-</span> 
     </span>
     <span class='ocr_line' id='line_1_10' title="bbox 162 1143 845 1225; baseline -0.003 -19"><span class='ocrx_word' id='word_1_52' title='bbox 162 1151 284 1220; x_wconf 59' lang='lat' dir='ltr'>tutores⁴</span> <span class='ocrx_word' id='word_1_53' title='bbox 300 1161 332 1204; x_wconf 81' lang='lat' dir='ltr'>ac</span> <span class='ocrx_word' id='word_1_54' title='bbox 357 1144 531 1206; x_wconf 70' lang='lat' dir='ltr'>muliercule</span> <span class='ocrx_word' id='word_1_55' title='bbox 553 1166 560 1204; x_wconf 92' lang='lat'><strong>:</strong></span> <span class='ocrx_word' id='word_1_56' title='bbox 581 1163 705 1225; x_wconf 88' lang='lat' dir='ltr'>quorum</span> <span class='ocrx_word' id='word_1_57' title='bbox 732 1143 845 1204; x_wconf 81' lang='lat' dir='ltr'>auribus</span> 
     </span>
     <span class='ocr_line' id='line_1_11' title="bbox 162 1245 848 1328; baseline 0.003 -22"><span class='ocrx_word' id='word_1_58' title='bbox 162 1249 247 1306; x_wconf 87' lang='lat' dir='ltr'>unice</span> <span class='ocrx_word' id='word_1_59' title='bbox 265 1246 380 1326; x_wconf 84' lang='lat' dir='ltr'>placere</span> <span class='ocrx_word' id='word_1_60' title='bbox 400 1245 537 1322; x_wconf 87' lang='lat' dir='ltr'>student,</span> <span class='ocrx_word' id='word_1_61' title='bbox 557 1248 637 1328; x_wconf 84' lang='lat' dir='ltr'>quod</span> <span class='ocrx_word' id='word_1_62' title='bbox 660 1248 700 1308; x_wconf 90' lang='lat' dir='ltr'>illi</span> <span class='ocrx_word' id='word_1_63' title='bbox 711 1247 848 1308; x_wconf 62' lang='lat' dir='ltr'>&#39;nonnul-</span> 
     </span>
     <span class='ocr_line' id='line_1_12' title="bbox 164 1348 848 1430; baseline 0.004 -20"><span class='ocrx_word' id='word_1_64' title='bbox 164 1349 224 1412; x_wconf 79' lang='lat' dir='ltr'>lam</span> <span class='ocrx_word' id='word_1_65' title='bbox 246 1348 351 1430; x_wconf 83' lang='lat' dir='ltr'>praedae</span> <span class='ocrx_word' id='word_1_66' title='bbox 374 1350 583 1430; x_wconf 81' lang='lat' dir='ltr'>portiunculam</span> <span class='ocrx_word' id='word_1_67' title='bbox 606 1350 749 1412; x_wconf 85' lang='lat' dir='ltr'>derebus</span> <span class='ocrx_word' id='word_1_68' title='bbox 770 1352 848 1413; x_wconf 79' lang='lat' dir='ltr'>male</span> 
     </span>
     <span class='ocr_line' id='line_1_13' title="bbox 166 1451 848 1536; baseline 0.007 -23"><span class='ocrx_word' id='word_1_69' title='bbox 166 1456 253 1536; x_wconf 84' lang='lat' dir='ltr'>partis</span> <span class='ocrx_word' id='word_1_70' title='bbox 269 1451 380 1515; x_wconf 83' lang='lat' dir='ltr'>soleant</span> <span class='ocrx_word' id='word_1_71' title='bbox 395 1457 553 1536; x_wconf 89' lang='lat' dir='ltr'>impertiri,</span> <span class='ocrx_word' id='word_1_72' title='bbox 568 1457 591 1516; x_wconf 86' lang='lat' dir='ltr'>si</span> <span class='ocrx_word' id='word_1_73' title='bbox 608 1457 766 1521; x_wconf 83' lang='lat' dir='ltr'>commode</span> <span class='ocrx_word' id='word_1_74' title='bbox 783 1456 848 1518; x_wconf 83' lang='lat' dir='ltr'>fue-</span> 
     </span>
     <span class='ocr_line' id='line_1_14' title="bbox 117 1558 849 1639; baseline -0.003 -19"><span class='ocrx_word' id='word_1_75' title='bbox 117 1607 118 1612; x_wconf 32' lang='lat'>1</span> <span class='ocrx_word' id='word_1_76' title='bbox 164 1562 221 1620; x_wconf 88' lang='lat' dir='ltr'>rint</span> <span class='ocrx_word' id='word_1_77' title='bbox 237 1559 362 1639; x_wconf 82' lang='lat' dir='ltr'>palpati3</span> <span class='ocrx_word' id='word_1_78' title='bbox 379 1558 433 1618; x_wconf 84' lang='lat' dir='ltr'>illae</span> <span class='ocrx_word' id='word_1_79' title='bbox 451 1580 516 1620; x_wconf 85' lang='lat' dir='ltr'>cunr</span> <span class='ocrx_word' id='word_1_80' title='bbox 535 1560 595 1619; x_wconf 82' lang='lat' dir='ltr'>aliis</span> <span class='ocrx_word' id='word_1_81' title='bbox 608 1561 708 1618; x_wconf 82' lang='lat' dir='ltr'>multis</span> <span class='ocrx_word' id='word_1_82' title='bbox 725 1561 762 1618; x_wconf 88' lang='lat' dir='ltr'>de</span> <span class='ocrx_word' id='word_1_83' title='bbox 780 1580 849 1618; x_wconf 80' lang='lat' dir='ltr'>cau-</span> 
     </span>
     <span class='ocr_line' id='line_1_15' title="bbox 168 1657 850 1740; baseline 0.001 -21"><span class='ocrx_word' id='word_1_84' title='bbox 168 1661 205 1720; x_wconf 84' lang='lat' dir='ltr'>sis</span> <span class='ocrx_word' id='word_1_85' title='bbox 230 1661 296 1716; x_wconf 89' lang='lat' dir='ltr'>huic</span> <span class='ocrx_word' id='word_1_86' title='bbox 323 1658 418 1716; x_wconf 87' lang='lat' dir='ltr'>ordini</span> <span class='ocrx_word' id='word_1_87' title='bbox 441 1657 567 1732; x_wconf 86' lang='lat' dir='ltr'>favent,</span> <span class='ocrx_word' id='word_1_88' title='bbox 595 1675 656 1721; x_wconf 87' lang='lat' dir='ltr'>tum</span> <span class='ocrx_word' id='word_1_89' title='bbox 671 1661 850 1740; x_wconf 58' lang='lat' dir='ltr'>‘praecipue‚&#39;</span> 
     </span>
     <span class='ocr_line' id='line_1_16' title="bbox 168 1757 850 1840; baseline 0.001 -20"><span class='ocrx_word' id='word_1_90' title='bbox 168 1759 250 1840; x_wconf 84' lang='lat' dir='ltr'>quod</span> <span class='ocrx_word' id='word_1_91' title='bbox 269 1761 299 1818; x_wconf 90' lang='lat' dir='ltr'>in</span> <span class='ocrx_word' id='word_1_92' title='bbox 321 1757 425 1816; x_wconf 88' lang='lat' dir='ltr'>horum</span> <span class='ocrx_word' id='word_1_93' title='bbox 447 1760 530 1817; x_wconf 68' lang='lat' dir='ltr'>sinus&#39;</span> <span class='ocrx_word' id='word_1_94' title='bbox 546 1759 656 1818; x_wconf 75' lang='lat' dir='ltr'>soleant</span> <span class='ocrx_word' id='word_1_95' title='bbox 679 1757 850 1833; x_wconf 82' lang='lat' dir='ltr'>effundere,</span> 
     </span>
     <span class='ocr_line' id='line_1_17' title="bbox 112 1859 853 1945; baseline 0.001 -22"><span class='ocrx_word' id='word_1_96' title='bbox 112 1865 117 1871; x_wconf 83' lang='grc'><strong>“</strong></span> <span class='ocrx_word' id='word_1_97' title='bbox 168 1865 194 1924; x_wconf 75' lang='lat' dir='ltr'>ei</span> <span class='ocrx_word' id='word_1_98' title='bbox 211 1862 281 1945; x_wconf 90' lang='lat' dir='ltr'>quid</span> <span class='ocrx_word' id='word_1_99' title='bbox 297 1864 326 1920; x_wconf 91' lang='lat' dir='ltr'>in</span> <span class='ocrx_word' id='word_1_100' title='bbox 345 1863 464 1921; x_wconf 88' lang='lat' dir='ltr'>maritos</span> <span class='ocrx_word' id='word_1_101' title='bbox 479 1859 701 1923; x_wconf 79' lang='lat' dir='ltr'>stomachantur.</span> <span class='ocrx_word' id='word_1_102' title='bbox 719 1862 853 1940; x_wconf 79' lang='lat' dir='ltr'>Videtis,</span> 
     </span>
     <span class='ocr_line' id='line_1_18' title="bbox 172 1965 854 2050; baseline -0.001 -21"><span class='ocrx_word' id='word_1_103' title='bbox 172 1971 299 2050; x_wconf 83' lang='lat' dir='ltr'>opinor,</span> <span class='ocrx_word' id='word_1_104' title='bbox 312 1981 493 2048; x_wconf 80' lang='lat' dir='ltr'>quantopere</span> <span class='ocrx_word' id='word_1_105' title='bbox 509 1965 580 2026; x_wconf 83' lang='lat' dir='ltr'>nrihi</span> <span class='ocrx_word' id='word_1_106' title='bbox 600 1966 707 2028; x_wconf 83' lang='lat' dir='ltr'>debeat</span> <span class='ocrx_word' id='word_1_107' title='bbox 725 1967 783 2028; x_wconf 85' lang='lat' dir='ltr'>lroc</span> <span class='ocrx_word' id='word_1_108' title='bbox 797 1968 854 2028; x_wconf 85' lang='lat' dir='ltr'>ho-</span> 
     </span>
     <span class='ocr_line' id='line_1_19' title="bbox 172 2071 856 2152; baseline 0.003 -20"><span class='ocrx_word' id='word_1_109' title='bbox 172 2075 285 2133; x_wconf 82' lang='lat' dir='ltr'>minurn</span> <span class='ocrx_word' id='word_1_110' title='bbox 299 2091 411 2152; x_wconf 83' lang='lat' dir='ltr'>genus,</span> <span class='ocrx_word' id='word_1_111' title='bbox 436 2071 485 2152; x_wconf 88' lang='lat' dir='ltr'>qui</span> <span class='ocrx_word' id='word_1_112' title='bbox 505 2091 572 2129; x_wconf 88' lang='lat' dir='ltr'>cum</span> <span class='ocrx_word' id='word_1_113' title='bbox 593 2071 804 2143; x_wconf 83' lang='lat' dir='ltr'>caeretnoniolis</span> <span class='ocrx_word' id='word_1_114' title='bbox 822 2073 856 2134; x_wconf 85' lang='lat'>&amp;</span> 
     </span>
     <span class='ocr_line' id='line_1_20' title="bbox 173 2169 856 2257; baseline 0.012 -26"><span class='ocrx_word' id='word_1_115' title='bbox 173 2177 256 2255; x_wconf 77' lang='lat' dir='ltr'>nugis</span> <span class='ocrx_word' id='word_1_116' title='bbox 275 2171 437 2231; x_wconf 79' lang='lat' dir='ltr'>deridiculis</span> <span class='ocrx_word' id='word_1_117' title='bbox 450 2216 466 2252; x_wconf 22' lang='grc' dir='ltr'>,Ι</span> <span class='ocrx_word' id='word_1_118' title='bbox 477 2169 704 2257; x_wconf 78' lang='lat' dir='ltr'>clamoribusque</span> <span class='ocrx_word' id='word_1_119' title='bbox 720 2181 856 2257; x_wconf 81' lang='lat' dir='ltr'>tyranni-</span> 
     </span>
     <span class='ocr_line' id='line_1_21' title="bbox 177 2274 856 2358; baseline 0.004 -20"><span class='ocrx_word' id='word_1_120' title='bbox 177 2279 247 2347; x_wconf 84' lang='lat' dir='ltr'>dem</span> <span class='ocrx_word' id='word_1_121' title='bbox 266 2274 415 2358; x_wconf 81' lang='lat' dir='ltr'>quandam</span> <span class='ocrx_word' id='word_1_122' title='bbox 429 2275 504 2333; x_wconf 88' lang='lat' dir='ltr'>inter</span> <span class='ocrx_word' id='word_1_123' title='bbox 523 2278 660 2338; x_wconf 81' lang='lat' dir='ltr'>mortales</span> <span class='ocrx_word' id='word_1_124' title='bbox 679 2296 856 2357; x_wconf 79' lang='lat' dir='ltr'>exerceant,</span> 
     </span>
     <span class='ocr_line' id='line_1_22' title="bbox 178 2376 856 2461; baseline -0.003 -17"><span class='ocrx_word' id='word_1_125' title='bbox 178 2381 282 2444; x_wconf 78' lang='lat' dir='ltr'>Paulos</span> <span class='ocrx_word' id='word_1_126' title='bbox 301 2396 388 2461; x_wconf 85' lang='lat' dir='ltr'>atque</span> <span class='ocrx_word' id='word_1_127' title='bbox 405 2376 553 2438; x_wconf 82' lang='lat' dir='ltr'>Antonios</span> <span class='ocrx_word' id='word_1_128' title='bbox 569 2376 628 2438; x_wconf 86' lang='lat' dir='ltr'>sese</span> <span class='ocrx_word' id='word_1_129' title='bbox 644 2381 775 2442; x_wconf 80' lang='lat' dir='ltr'>credunt.</span> <span class='ocrx_word' id='word_1_130' title='bbox 853 2397 856 2402; x_wconf 87' lang='lat'>·</span> 
     </span>
    </p>
   </div>
   <div class='ocr_carea' id='block_1_4' title="bbox 181 2577 861 2880">
    <p class='ocr_par' dir='ltr' id='par_1_4' title="bbox 181 2577 861 2880">
     <span class='ocr_line' id='line_1_23' title="bbox 182 2577 861 2670; baseline 0.007 -23"><span class='ocrx_word' id='word_1_131' title='bbox 182 2592 195 2647; x_wconf 81' lang='grc'>,’</span> <span class='ocrx_word' id='word_1_132' title='bbox 222 2588 296 2650; x_wconf 85' lang='lat' dir='ltr'>LV.</span> <span class='ocrx_word' id='word_1_133' title='bbox 317 2577 461 2649; x_wconf 71' lang='lat' dir='ltr'>VERUM</span> <span class='ocrx_word' id='word_1_134' title='bbox 481 2605 537 2670; x_wconf 86' lang='lat' dir='ltr'>ego</span> <span class='ocrx_word' id='word_1_135' title='bbox 552 2584 620 2648; x_wconf 80' lang='lat' dir='ltr'>istos</span> <span class='ocrx_word' id='word_1_136' title='bbox 636 2585 785 2650; x_wconf 87' lang='lat' dir='ltr'>histriones</span> <span class='ocrx_word' id='word_1_137' title='bbox 799 2603 861 2652; x_wconf 79' lang='lat' dir='ltr'>rani</span> 
     </span>
     <span class='ocr_line' id='line_1_24' title="bbox 181 2689 860 2776; baseline -0.003 -20"><span class='ocrx_word' id='word_1_138' title='bbox 181 2698 308 2776; x_wconf 81' lang='lat' dir='ltr'>ingratos</span> <span class='ocrx_word' id='word_1_139' title='bbox 333 2689 541 2752; x_wconf 84' lang='lat' dir='ltr'>beneficiorum</span> <span class='ocrx_word' id='word_1_140' title='bbox 565 2710 699 2750; x_wconf 88' lang='lat' dir='ltr'>meorum</span> <span class='ocrx_word' id='word_1_141' title='bbox 725 2691 860 2755; x_wconf 86' lang='lat' dir='ltr'>dissimu-</span> 
     </span>
     <span class='ocr_line' id='line_1_25' title="bbox 181 2791 861 2880; baseline -0.006 -16"><span class='ocrx_word' id='word_1_142' title='bbox 181 2797 312 2871; x_wconf 72' lang='lat' dir='ltr'>latores,</span> <span class='ocrx_word' id='word_1_143' title='bbox 328 2813 414 2876; x_wconf 75' lang='lat' dir='ltr'>quern</span> <span class='ocrx_word' id='word_1_144' title='bbox 433 2791 582 2874; x_wconf 87' lang='lat' dir='ltr'>improbos</span> <span class='ocrx_word' id='word_1_145' title='bbox 598 2794 778 2870; x_wconf 69' lang='lat' dir='ltr'>sirnulqtores</span> <span class='ocrx_word' id='word_1_146' title='bbox 794 2799 861 2880; x_wconf 88' lang='lat' dir='ltr'>pie·</span> 
     </span>
    </p>
   </div>
   <div class='ocr_carea' id='block_1_5' title="bbox 0 0 1288 3850">
    <p class='ocr_par' dir='ltr' id='par_1_5' title="bbox 0 0 1288 3850">
     <span class='ocr_line' id='line_1_26' title="bbox 0 0 1288 3850; baseline 0 0"><span class='ocrx_word' id='word_1_147' title='bbox 0 0 1288 3850; x_wconf 95' lang='lat' dir='ltr'> </span> 
     </span>
    </p>
   </div>
  </div>
 </body>
</html>
