<?xml version="1.0" encoding="UTF-8"?>
<!DOCTYPE html PUBLIC "-//W3C//DTD XHTML 1.0 Transitional//EN"
    "http://www.w3.org/TR/xhtml1/DTD/xhtml1-transitional.dtd">
<html xmlns="http://www.w3.org/1999/xhtml" xml:lang="en" lang="en">
 <head>
  <title>
</title>
<meta http-equiv="Content-Type" content="text/html;charset=utf-8" />
  <meta name='ocr-system' content='tesseract 3.04.00' />
  <meta name='ocr-capabilities' content='ocr_page ocr_carea ocr_par ocr_line ocrx_word'/>
</head>
<body>
  <div class='ocr_page' id='page_1' title='image "./mriasenkmionstu00quergoog_0228.png"; bbox 0 0 2524 3850; ppageno 0'>
   <div class='ocr_carea' id='block_1_1' title="bbox 415 237 925 324">
    <p class='ocr_par' dir='ltr' id='par_1_1' title="bbox 415 237 925 324">
     <span class='ocr_line' id='line_1_1' title="bbox 415 237 925 324; baseline 0.004 -2"><span class='ocrx_word' id='word_1_1' title='bbox 415 247 503 323; x_wconf 81' lang='lat'>208¹</span> <span class='ocrx_word' id='word_1_2' title='bbox 588 237 925 324; x_wconf 74' lang='lat' dir='ltr'>Enconrrunr</span> 
     </span>
    </p>
   </div>
   <div class='ocr_carea' id='block_1_2' title="bbox 409 369 1101 582">
    <p class='ocr_par' dir='ltr' id='par_1_2' title="bbox 409 369 1101 582">
     <span class='ocr_line' id='line_1_2' title="bbox 412 369 1101 474; baseline -0.032 1"><span class='ocrx_word' id='word_1_3' title='bbox 412 389 544 474; x_wconf 74' lang='lat' dir='ltr'>quaedam</span> <span class='ocrx_word' id='word_1_4' title='bbox 556 369 658 454; x_wconf 83' lang='lat' dir='ltr'>stillula</span> <span class='ocrx_word' id='word_1_5' title='bbox 673 392 713 457; x_wconf 93' lang='lat' dir='ltr'>est</span> <span class='ocrx_word' id='word_1_6' title='bbox 732 395 769 457; x_wconf 86' lang='lat' dir='ltr'>ad</span> <span class='ocrx_word' id='word_1_7' title='bbox 786 394 901 457; x_wconf 88' lang='lat' dir='ltr'>fontem</span> <span class='ocrx_word' id='word_1_8' title='bbox 916 392 997 456; x_wconf 87' lang='lat' dir='ltr'>illum</span> <span class='ocrx_word' id='word_1_9' title='bbox 1011 401 1101 455; x_wconf 60' lang='lat' dir='ltr'>aeteri</span> 
     </span>
     <span class='ocr_line' id='line_1_3' title="bbox 409 490 1098 582; baseline 0.001 -27"><span class='ocrx_word' id='word_1_10' title='bbox 409 515 455 555; x_wconf 82' lang='lat' dir='ltr'>uae</span> <span class='ocrx_word' id='word_1_11' title='bbox 473 490 639 572; x_wconf 82' lang='lat' dir='ltr'>felicitatis,</span> <span class='ocrx_word' id='word_1_12' title='bbox 662 516 760 560; x_wconf 89' lang='lat' dir='ltr'>tamen</span> <span class='ocrx_word' id='word_1_13' title='bbox 781 500 869 582; x_wconf 85' lang='lat' dir='ltr'>longe</span> <span class='ocrx_word' id='word_1_14' title='bbox 889 496 1004 580; x_wconf 88' lang='lat' dir='ltr'>superat</span> <span class='ocrx_word' id='word_1_15' title='bbox 1024 500 1098 558; x_wconf 81' lang='lat' dir='ltr'>uni-</span> 
     </span>
    </p>
   </div>
   <div class='ocr_carea' id='block_1_3' title="bbox 309 595 1099 684">
    <p class='ocr_par' dir='ltr' id='par_1_3' title="bbox 309 595 1099 684">
     <span class='ocr_line' id='line_1_4' title="bbox 309 595 1099 684; baseline 0.009 -27"><span class='ocrx_word' id='word_1_16' title='bbox 309 639 314 648; x_wconf 80' lang='lat'>·</span> <span class='ocrx_word' id='word_1_17' title='bbox 410 595 507 659; x_wconf 80' lang='lat' dir='ltr'>versas</span> <span class='ocrx_word' id='word_1_18' title='bbox 529 603 659 682; x_wconf 87' lang='lat' dir='ltr'>corporis</span> <span class='ocrx_word' id='word_1_19' title='bbox 682 603 872 684; x_wconf 86' lang='lat' dir='ltr'>voluptates,</span> <span class='ocrx_word' id='word_1_20' title='bbox 892 602 1004 663; x_wconf 88' lang='lat' dir='ltr'>etiamsi</span> <span class='ocrx_word' id='word_1_21' title='bbox 1022 623 1099 664; x_wconf 80' lang='lat' dir='ltr'>orn-</span> 
     </span>
    </p>
   </div>
   <div class='ocr_carea' id='block_1_4' title="bbox 395 706 1129 2944">
    <p class='ocr_par' dir='ltr' id='par_1_4' title="bbox 395 706 1129 2858">
     <span class='ocr_line' id='line_1_5' title="bbox 410 706 1098 777; baseline 0.009 -15"><span class='ocrx_word' id='word_1_22' title='bbox 410 722 463 762; x_wconf 88' lang='lat' dir='ltr'>nes</span> <span class='ocrx_word' id='word_1_23' title='bbox 485 706 615 764; x_wconf 82' lang='lat' dir='ltr'>omniunt</span> <span class='ocrx_word' id='word_1_24' title='bbox 635 707 799 777; x_wconf 82' lang='lat' dir='ltr'>mortalium</span> <span class='ocrx_word' id='word_1_25' title='bbox 821 706 929 768; x_wconf 70' lang='lat' dir='ltr'>delitiae</span> <span class='ocrx_word' id='word_1_26' title='bbox 948 708 977 767; x_wconf 91' lang='lat' dir='ltr'>in</span> <span class='ocrx_word' id='word_1_27' title='bbox 1001 727 1098 768; x_wconf 90' lang='lat' dir='ltr'>unutn</span> 
     </span>
     <span class='ocr_line' id='line_1_6' title="bbox 411 806 1099 893; baseline 0.007 -26"><span class='ocrx_word' id='word_1_28' title='bbox 411 806 621 884; x_wconf 85' lang='lat' dir='ltr'>conferantur,</span> <span class='ocrx_word' id='word_1_29' title='bbox 641 808 729 891; x_wconf 89' lang='lat' dir='ltr'>usque</span> <span class='ocrx_word' id='word_1_30' title='bbox 753 810 829 872; x_wconf 90' lang='lat' dir='ltr'>adeo</span> <span class='ocrx_word' id='word_1_31' title='bbox 855 807 986 893; x_wconf 81' lang='lat' dir='ltr'>praellant</span> <span class='ocrx_word' id='word_1_32' title='bbox 1009 809 1099 891; x_wconf 78' lang='lat' dir='ltr'>spiri·</span> 
     </span>
     <span class='ocr_line' id='line_1_7' title="bbox 409 911 1098 995; baseline 0.006 -23"><span class='ocrx_word' id='word_1_33' title='bbox 409 913 497 974; x_wconf 82' lang='lat' dir='ltr'>malla</span> <span class='ocrx_word' id='word_1_34' title='bbox 514 913 734 995; x_wconf 83' lang='lat' dir='ltr'>corporalibus,</span> <span class='ocrx_word' id='word_1_35' title='bbox 753 914 903 976; x_wconf 89' lang='lat' dir='ltr'>invisibilia</span> <span class='ocrx_word' id='word_1_36' title='bbox 922 911 1098 979; x_wconf 64' lang='lat' dir='ltr'>visibilibusa&#39;</span> 
     </span>
     <span class='ocr_line' id='line_1_8' title="bbox 410 1005 1096 1101; baseline 0.004 -23"><span class='ocrx_word' id='word_1_37' title='bbox 410 1016 479 1078; x_wconf 88' lang='lat' dir='ltr'>Hoc</span> <span class='ocrx_word' id='word_1_38' title='bbox 495 1005 683 1079; x_wconf 85' lang='lat' dir='ltr'>nimirutnest</span> <span class='ocrx_word' id='word_1_39' title='bbox 696 1019 776 1100; x_wconf 91' lang='lat' dir='ltr'>quod</span> <span class='ocrx_word' id='word_1_40' title='bbox 792 1020 946 1100; x_wconf 83' lang='lat' dir='ltr'>pollicetur</span> <span class='ocrx_word' id='word_1_41' title='bbox 959 1018 1096 1101; x_wconf 73' lang='lat' dir='ltr'>proplie-</span> 
     </span>
     <span class='ocr_line' id='line_1_9' title="bbox 408 1122 1093 1195; baseline 0.006 -16"><span class='ocrx_word' id='word_1_42' title='bbox 408 1135 457 1182; x_wconf 87' lang='lat' dir='ltr'>ta:</span> <span class='ocrx_word' id='word_1_43' title='bbox 474 1122 580 1182; x_wconf 83' lang='lat' dir='ltr'><em>Oculus</em></span> <span class='ocrx_word' id='word_1_44' title='bbox 600 1143 654 1182; x_wconf 84' lang='lat' dir='ltr'>non</span> <span class='ocrx_word' id='word_1_45' title='bbox 672 1122 771 1194; x_wconf 81' lang='lat' dir='ltr'>vidit,</span> <span class='ocrx_word' id='word_1_46' title='bbox 790 1143 839 1182; x_wconf 84' lang='lat' dir='ltr'>nec</span> <span class='ocrx_word' id='word_1_47' title='bbox 858 1125 934 1181; x_wconf 80' lang='lat' dir='ltr'>auris</span> <span class='ocrx_word' id='word_1_48' title='bbox 954 1123 1093 1195; x_wconf 78' lang='lat' dir='ltr'>audivit,</span> 
     </span>
     <span class='ocr_line' id='line_1_10' title="bbox 408 1209 1093 1308; baseline 0 -22"><span class='ocrx_word' id='word_1_49' title='bbox 408 1247 458 1286; x_wconf 84' lang='lat' dir='ltr'>nec</span> <span class='ocrx_word' id='word_1_50' title='bbox 469 1227 507 1286; x_wconf 82' lang='lat' dir='ltr'>&#39;in</span> <span class='ocrx_word' id='word_1_51' title='bbox 525 1247 571 1285; x_wconf 88' lang='lat' dir='ltr'>cor</span> <span class='ocrx_word' id='word_1_52' title='bbox 590 1226 707 1288; x_wconf 81' lang='lat' dir='ltr'>hominis</span> <span class='ocrx_word' id='word_1_53' title='bbox 729 1225 907 1307; x_wconf 79' lang='lat' dir='ltr'>ascenderunt·</span> <span class='ocrx_word' id='word_1_54' title='bbox 913 1209 996 1308; x_wconf 52' lang='lat' dir='ltr'>,W</span> <span class='ocrx_word' id='word_1_55' title='bbox 1012 1247 1093 1307; x_wconf 77' lang='lat' dir='ltr'>prra-</span> 
     </span>
     <span class='ocr_line' id='line_1_11' title="bbox 402 1328 1093 1412; baseline 0.007 -26"><span class='ocrx_word' id='word_1_56' title='bbox 402 1330 519 1410; x_wconf 83' lang='lat' dir='ltr'>paravit</span> <span class='ocrx_word' id='word_1_57' title='bbox 541 1331 623 1388; x_wconf 85' lang='lat' dir='ltr'>Deus</span> <span class='ocrx_word' id='word_1_58' title='bbox 646 1331 822 1412; x_wconf 81' lang='lat' dir='ltr'>diligentibus</span> <span class='ocrx_word' id='word_1_59' title='bbox 838 1329 879 1411; x_wconf 79' lang='lat' dir='ltr'>fe</span> <span class='ocrx_word' id='word_1_60' title='bbox 903 1328 1002 1410; x_wconf 85' lang='lat' dir='ltr'>Atque</span> <span class='ocrx_word' id='word_1_61' title='bbox 1025 1329 1093 1391; x_wconf 82' lang='lat' dir='ltr'>haec</span> 
     </span>
     <span class='ocr_line' id='line_1_12' title="bbox 405 1427 1092 1510; baseline 0.001 -19"><span class='ocrx_word' id='word_1_62' title='bbox 405 1427 448 1491; x_wconf 84' lang='lat' dir='ltr'>est</span> <span class='ocrx_word' id='word_1_63' title='bbox 465 1427 569 1488; x_wconf 86' lang='lat' dir='ltr'>Moriae</span> <span class='ocrx_word' id='word_1_64' title='bbox 588 1451 674 1510; x_wconf 88' lang='lat' dir='ltr'>pars,</span> <span class='ocrx_word' id='word_1_65' title='bbox 693 1451 756 1510; x_wconf 84' lang='lat' dir='ltr'>quae</span> <span class='ocrx_word' id='word_1_66' title='bbox 774 1453 835 1490; x_wconf 92' lang='lat' dir='ltr'>non</span> <span class='ocrx_word' id='word_1_67' title='bbox 853 1432 980 1491; x_wconf 84' lang='lat' dir='ltr'>aufertur</span> <span class='ocrx_word' id='word_1_68' title='bbox 999 1453 1092 1492; x_wconf 85' lang='lat' dir='ltr'>com-</span> 
     </span>
     <span class='ocr_line' id='line_1_13' title="bbox 405 1530 1094 1617; baseline 0.003 -23"><span class='ocrx_word' id='word_1_69' title='bbox 405 1533 568 1594; x_wconf 86' lang='lat' dir='ltr'>mutatione</span> <span class='ocrx_word' id='word_1_70' title='bbox 582 1532 649 1594; x_wconf 85' lang='lat' dir='ltr'>vitae</span> <span class='ocrx_word' id='word_1_71' title='bbox 661 1577 670 1606; x_wconf 93' lang='lat'><strong>‚</strong></span> <span class='ocrx_word' id='word_1_72' title='bbox 683 1530 732 1593; x_wconf 88' lang='lat' dir='ltr'>sed</span> <span class='ocrx_word' id='word_1_73' title='bbox 745 1530 900 1613; x_wconf 88' lang='lat' dir='ltr'>perficitur.</span> <span class='ocrx_word' id='word_1_74' title='bbox 917 1533 986 1594; x_wconf 90' lang='lat' dir='ltr'>Hoc</span> <span class='ocrx_word' id='word_1_75' title='bbox 1000 1536 1094 1617; x_wconf 82' lang='lat' dir='ltr'>igitur</span> 
     </span>
     <span class='ocr_line' id='line_1_14' title="bbox 405 1633 1092 1721; baseline 0.003 -22"><span class='ocrx_word' id='word_1_76' title='bbox 405 1639 509 1721; x_wconf 85' lang='lat' dir='ltr'>quibus</span> <span class='ocrx_word' id='word_1_77' title='bbox 521 1633 623 1697; x_wconf 87' lang='lat' dir='ltr'>sentire</span> <span class='ocrx_word' id='word_1_78' title='bbox 637 1636 715 1696; x_wconf 88' lang='lat' dir='ltr'>licuit</span> <span class='ocrx_word' id='word_1_79' title='bbox 727 1635 741 1720; x_wconf 96' lang='lat'>(</span> <span class='ocrx_word' id='word_1_80' title='bbox 753 1639 894 1720; x_wconf 84' lang='lat' dir='ltr'>contingit</span> <span class='ocrx_word' id='word_1_81' title='bbox 908 1655 1005 1699; x_wconf 79' lang='lat' dir='ltr'>aurern</span> <span class='ocrx_word' id='word_1_82' title='bbox 1013 1657 1092 1720; x_wconf 84' lang='lat' dir='ltr'>per·</span> 
     </span>
     <span class='ocr_line' id='line_1_15' title="bbox 405 1737 1092 1825; baseline 0 -23"><span class='ocrx_word' id='word_1_83' title='bbox 405 1739 552 1825; x_wconf 87' lang='lat' dir='ltr'>paucis),</span> <span class='ocrx_word' id='word_1_84' title='bbox 570 1743 590 1801; x_wconf 89' lang='lat' dir='ltr'>ii</span> <span class='ocrx_word' id='word_1_85' title='bbox 609 1743 754 1823; x_wconf 87' lang='lat' dir='ltr'>patiuntur</span> <span class='ocrx_word' id='word_1_86' title='bbox 775 1740 912 1823; x_wconf 74' lang='lat' dir='ltr'>quiddam</span> <span class='ocrx_word' id='word_1_87' title='bbox 934 1737 1092 1802; x_wconf 80' lang='lat' dir='ltr'>dementire</span> 
     </span>
     <span class='ocr_line' id='line_1_16' title="bbox 403 1841 1089 1926; baseline -0.006 -16"><span class='ocrx_word' id='word_1_88' title='bbox 403 1849 600 1920; x_wconf 82' lang='lat' dir='ltr'>simillimum,</span> <span class='ocrx_word' id='word_1_89' title='bbox 617 1841 773 1926; x_wconf 91' lang='lat' dir='ltr'>loquuntur</span> <span class='ocrx_word' id='word_1_90' title='bbox 791 1845 923 1926; x_wconf 81' lang='lat' dir='ltr'>quaedam</span> <span class='ocrx_word' id='word_1_91' title='bbox 940 1865 1001 1905; x_wconf 94' lang='lat' dir='ltr'>non</span> <span class='ocrx_word' id='word_1_92' title='bbox 1020 1843 1089 1906; x_wconf 89' lang='lat' dir='ltr'>satis</span> 
     </span>
     <span class='ocr_line' id='line_1_17' title="bbox 402 1945 1089 2021; baseline -0.004 -9"><span class='ocrx_word' id='word_1_93' title='bbox 402 1951 599 2021; x_wconf 67' lang='lat' dir='ltr'>coherentia,</span> <span class='ocrx_word' id='word_1_94' title='bbox 615 1967 671 2008; x_wconf 89' lang='lat' dir='ltr'>nec</span> <span class='ocrx_word' id='word_1_95' title='bbox 687 1948 813 2006; x_wconf 89' lang='lat' dir='ltr'>humano</span> <span class='ocrx_word' id='word_1_96' title='bbox 830 1963 931 2017; x_wconf 84' lang='lat' dir='ltr'>more,</span> <span class='ocrx_word' id='word_1_97' title='bbox 948 1945 998 2004; x_wconf 86' lang='lat' dir='ltr'>sed</span> <span class='ocrx_word' id='word_1_98' title='bbox 1014 1946 1089 2009; x_wconf 85' lang='lat' dir='ltr'>dant</span> 
     </span>
     <span class='ocr_line' id='line_1_18' title="bbox 402 2044 1089 2120; baseline 0.001 -9"><span class='ocrx_word' id='word_1_99' title='bbox 402 2053 466 2111; x_wconf 85' lang='lat' dir='ltr'>sine</span> <span class='ocrx_word' id='word_1_100' title='bbox 480 2063 579 2108; x_wconf 83' lang='lat' dir='ltr'>mente</span> <span class='ocrx_word' id='word_1_101' title='bbox 594 2047 717 2120; x_wconf 88' lang='lat' dir='ltr'>sonum,</span> <span class='ocrx_word' id='word_1_102' title='bbox 732 2045 838 2106; x_wconf 91' lang='lat' dir='ltr'>deinde</span> <span class='ocrx_word' id='word_1_103' title='bbox 856 2044 975 2110; x_wconf 85' lang='lat' dir='ltr'>subinde</span> <span class='ocrx_word' id='word_1_104' title='bbox 990 2064 1089 2112; x_wconf 86' lang='lat' dir='ltr'>totam</span> 
     </span>
     <span class='ocr_line' id='line_1_19' title="bbox 402 2148 1087 2233; baseline 0.006 -20"><span class='ocrx_word' id='word_1_105' title='bbox 402 2154 461 2214; x_wconf 88' lang='lat' dir='ltr'>oris</span> <span class='ocrx_word' id='word_1_106' title='bbox 477 2150 604 2233; x_wconf 86' lang='lat' dir='ltr'>speciem</span> <span class='ocrx_word' id='word_1_107' title='bbox 618 2155 747 2211; x_wconf 81' lang='lat' dir='ltr'>vertunt.</span> <span class='ocrx_word' id='word_1_108' title='bbox 762 2148 849 2213; x_wconf 90' lang='lat' dir='ltr'>Nunc</span> <span class='ocrx_word' id='word_1_109' title='bbox 865 2150 992 2229; x_wconf 82' lang='lat' dir='ltr'>alacres,</span> <span class='ocrx_word' id='word_1_110' title='bbox 1006 2175 1087 2217; x_wconf 84' lang='lat' dir='ltr'>nunc</span> 
     </span>
     <span class='ocr_line' id='line_1_20' title="bbox 400 2245 1088 2338; baseline 0.001 -20"><span class='ocrx_word' id='word_1_111' title='bbox 400 2245 529 2338; x_wconf 76' lang='lat' dir='ltr'>dejesli3</span> <span class='ocrx_word' id='word_1_112' title='bbox 548 2277 624 2316; x_wconf 90' lang='lat' dir='ltr'>nunc</span> <span class='ocrx_word' id='word_1_113' title='bbox 641 2255 848 2338; x_wconf 85' lang='lat' dir='ltr'>lachrymant,</span> <span class='ocrx_word' id='word_1_114' title='bbox 868 2277 945 2317; x_wconf 86' lang='lat' dir='ltr'>nunc</span> <span class='ocrx_word' id='word_1_115' title='bbox 964 2257 1088 2335; x_wconf 90' lang='lat' dir='ltr'>rident,</span> 
     </span>
     <span class='ocr_line' id='line_1_21' title="bbox 399 2359 1083 2443; baseline 0 -18"><span class='ocrx_word' id='word_1_116' title='bbox 399 2383 478 2426; x_wconf 86' lang='lat' dir='ltr'>nunc</span> <span class='ocrx_word' id='word_1_117' title='bbox 491 2359 626 2443; x_wconf 86' lang='lat' dir='ltr'>suspirant</span> <span class='ocrx_word' id='word_1_118' title='bbox 639 2381 648 2435; x_wconf 91' lang='lat'>;</span> <span class='ocrx_word' id='word_1_119' title='bbox 663 2360 693 2419; x_wconf 94' lang='lat' dir='ltr'>in</span> <span class='ocrx_word' id='word_1_120' title='bbox 710 2360 818 2421; x_wconf 85' lang='lat' dir='ltr'>summa</span> <span class='ocrx_word' id='word_1_121' title='bbox 836 2379 907 2422; x_wconf 84' lang='lat' dir='ltr'>vere</span> <span class='ocrx_word' id='word_1_122' title='bbox 926 2360 983 2422; x_wconf 76' lang='lat' dir='ltr'>to&#39;ti</span> <span class='ocrx_word' id='word_1_123' title='bbox 1001 2378 1083 2425; x_wconf 82' lang='lat' dir='ltr'>extra</span> 
     </span>
     <span class='ocr_line' id='line_1_22' title="bbox 398 2461 1086 2546; baseline -0.006 -16"><span class='ocrx_word' id='word_1_124' title='bbox 398 2468 429 2530; x_wconf 87' lang='lat' dir='ltr'>se</span> <span class='ocrx_word' id='word_1_125' title='bbox 442 2467 519 2528; x_wconf 60' lang='lat' dir='ltr'>sunt:</span> <span class='ocrx_word' id='word_1_126' title='bbox 531 2464 607 2525; x_wconf 86' lang='lat' dir='ltr'>Mox</span> <span class='ocrx_word' id='word_1_127' title='bbox 618 2464 668 2524; x_wconf 89' lang='lat' dir='ltr'>ubi</span> <span class='ocrx_word' id='word_1_128' title='bbox 680 2463 717 2524; x_wconf 89' lang='lat' dir='ltr'>ad</span> <span class='ocrx_word' id='word_1_129' title='bbox 731 2462 788 2525; x_wconf 85' lang='lat' dir='ltr'>sese</span> <span class='ocrx_word' id='word_1_130' title='bbox 807 2461 962 2538; x_wconf 89' lang='lat' dir='ltr'>redierint,</span> <span class='ocrx_word' id='word_1_131' title='bbox 972 2482 1086 2546; x_wconf 76' lang='lat' dir='ltr'>negant</span> 
     </span>
     <span class='ocr_line' id='line_1_23' title="bbox 399 2566 1081 2651; baseline -0.003 -19"><span class='ocrx_word' id='word_1_132' title='bbox 399 2570 430 2632; x_wconf 86' lang='lat' dir='ltr'>se</span> <span class='ocrx_word' id='word_1_133' title='bbox 450 2571 519 2631; x_wconf 88' lang='lat' dir='ltr'>scire</span> <span class='ocrx_word' id='word_1_134' title='bbox 541 2567 590 2628; x_wconf 90' lang='lat' dir='ltr'>ubi</span> <span class='ocrx_word' id='word_1_135' title='bbox 613 2566 742 2641; x_wconf 82' lang='lat' dir='ltr'>fuerint,</span> <span class='ocrx_word' id='word_1_136' title='bbox 763 2583 858 2627; x_wconf 89' lang='lat' dir='ltr'>utrum</span> <span class='ocrx_word' id='word_1_137' title='bbox 879 2569 1081 2651; x_wconf 87' lang='lat' dir='ltr'>incorpore,</span> 
     </span>
     <span class='ocr_line' id='line_1_24' title="bbox 395 2667 1080 2753; baseline -0.001 -18"><span class='ocrx_word' id='word_1_138' title='bbox 395 2695 437 2736; x_wconf 74' lang='lat' dir='ltr'>en</span> <span class='ocrx_word' id='word_1_139' title='bbox 450 2667 532 2734; x_wconf 79' lang='lat' dir='ltr'>extra</span> <span class='ocrx_word' id='word_1_140' title='bbox 549 2691 674 2752; x_wconf 87' lang='lat' dir='ltr'>corpus,</span> <span class='ocrx_word' id='word_1_141' title='bbox 689 2669 860 2753; x_wconf 84' lang='lat' dir='ltr'>vigilantes,</span> <span class='ocrx_word' id='word_1_142' title='bbox 874 2693 911 2732; x_wconf 86' lang='lat' dir='ltr'>an</span> <span class='ocrx_word' id='word_1_143' title='bbox 928 2671 1080 2734; x_wconf 78' lang='lat' dir='ltr'>dormien-¹</span> 
     </span>
     <span class='ocr_line' id='line_1_25' title="bbox 397 2772 1129 2858; baseline -0.011 -18"><span class='ocrx_word' id='word_1_144' title='bbox 397 2793 460 2842; x_wconf 86' lang='lat' dir='ltr'>tes:</span> <span class='ocrx_word' id='word_1_145' title='bbox 480 2773 551 2858; x_wconf 89' lang='lat' dir='ltr'>quid</span> <span class='ocrx_word' id='word_1_146' title='bbox 572 2772 734 2850; x_wconf 82' lang='lat' dir='ltr'>audierint,</span> <span class='ocrx_word' id='word_1_147' title='bbox 751 2773 820 2856; x_wconf 88' lang='lat' dir='ltr'>quid</span> <span class='ocrx_word' id='word_1_148' title='bbox 840 2774 986 2849; x_wconf 82' lang='lat' dir='ltr'>viderint,</span> <span class='ocrx_word' id='word_1_149' title='bbox 1007 2775 1079 2856; x_wconf 77' lang='lat' dir='ltr'>quid</span> <span class='ocrx_word' id='word_1_150' title='bbox 1123 2819 1129 2832; x_wconf 28' lang='grc' dir='ltr'>ι</span> 
     </span>
    </p>

    <p class='ocr_par' dir='ltr' id='par_1_5' title="bbox 923 2877 1114 2944">
     <span class='ocr_line' id='line_1_26' title="bbox 923 2877 1114 2944; baseline 0.026 -4"><span class='ocrx_word' id='word_1_151' title='bbox 923 2877 1049 2944; x_wconf 81' lang='lat' dir='ltr'>dixerint</span> <span class='ocrx_word' id='word_1_152' title='bbox 1106 2883 1114 2906; x_wconf 84' lang='lat'><em>&#39;</em></span> 
     </span>
    </p>
   </div>
   <div class='ocr_carea' id='block_1_5' title="bbox 0 0 1266 3850">
    <p class='ocr_par' dir='ltr' id='par_1_6' title="bbox 0 0 1266 3850">
     <span class='ocr_line' id='line_1_27' title="bbox 0 0 1266 3850; baseline 0 5"><span class='ocrx_word' id='word_1_153' title='bbox 0 0 1266 3850; x_wconf 95' lang='lat' dir='ltr'> </span> 
     </span>
    </p>
   </div>
  </div>
 </body>
</html>
