2524 3850
371 287 442 375 194‘
536 248 776 390 lin-enarr
793 291 872 350 rrrr

368 441 435 484 cum
459 419 499 512 ait
517 438 526 480 t
544 425 623 504 Qua
642 424 728 507 stulm
742 421 810 504 sum
832 417 952 493 murdii
974 407 1059 500 eligit
1117 433 1122 442 ’

367 529 474 597 Deus3
496 544 621 608 cumque
644 527 708 603 ait,
726 529 792 588 Dea
813 525 899 605 vifiem
923 521 972 604 effe
985 567 1003 598 ,„
1020 539 1052 583 ret

362 650 416 710 per
430 627 577 710 stultitiam
594 631 717 712 firmaret
744 633 898 705 mumdum,
924 629 1056 709 quando·

367 733 474 814 peridem
490 753 541 813 per
553 731 720 816 fhpienriam
739 733 839 818 restitui
859 755 915 795 non
928 750 1053 814 parerat.

367 833 451 916 Quin
467 833 526 916 ipse
541 835 621 898 idem
632 835 697 898 satis
710 836 840 913 indicat,
851 835 980 922 ¹clamans
995 855 1053 920 per

367 925 404 1014 oe
421 919 576 1022 15r0phetae
592 961 599 1004 ι
618 943 738 1006 Perdam
754 941 921 1024 sapientiam
935 940 1053 1022 sapien·

366 1047 434 1106 tium
448 1089 458 1120 ,
471 1045 503 1133 ‘te
515 1047 690 1128 prudentiam
699 1048 874 1128 pnedemium
891 1044 1056 1127 reprebabm

366 1147 513 1222 Rursum,
534 1169 600 1210 cum
625 1152 683 1234 agit
708 1150 812 1234 gratias
827 1193 837 1224 ,
853 1148 934 1231 quod
958 1147 1055 1210 salutis

366 1249 537 1334 mysterium
551 1249 664 1316 celasset
680 1251 845 1336 sapientes,
863 1251 989 1335 parvulis
1002 1270 1054 1312 au·

367 1335 449 1430 tem,
462 1356 520 1418 hoc
535 1354 577 1418 est
588 1354 699 1432 stultis,
714 1353 866 1439 aperuill'et
876 1377 887 1432 3
899 1377 967 1418 nam
979 1376 1056 1438 grae·

291 1469 293 1478 ‘
367 1458 403 1518 ce
420 1477 476 1538 pro
493 1457 646 1536 parvulis,
665 1459 706 1518 est
726 1463 841 1534 remitte,
861 1479 936 1540 quos
954 1479 1062 1540 opp0-·

367 1558 420 1621 suit
440 1565 538 1636 aeneis·
559 1559 628 1619 Huc
648 1559 775 1641 pertinet
792 1561 875 1642 quod
897 1563 1003 1643 passim
1023 1563 1057 1621 in

368 1661 532 1746 Evangelio
555 1659 711 1724 Pharisaeos
733 1662 767 1725 &
789 1659 905 1727 Scribas
920 1707 931 1738 ,
948 1685 982 1725 ac
1007 1662 1059 1725 le·

367 1785 440 1851 gum
458 1764 609 1830 Dostores
630 1766 768 1841 incessit,
783 1766 887 1850 vulgus
907 1766 1059 1830 indoeum

368 1866 470 1933 sedulo
490 1885 597 1932 tuetur.
619 1867 703 1951 Quid
723 1872 802 1946 enim
824 1870 901 1930 aliud
923 1869 986 1932 est:
1009 1877 1058 1934 Va

270 1958 272 1967 Ι
313 2027 317 2038 ,
370 1976 477 2048 vobis,
493 1973 595 2034 Scriba
615 1973 649 2054 b*
661 1973 820 2048 Pharisaei,
836 1991 926 2052 quam
945 1993 987 2032 na
1003 1997 1061 2044 νοι,

371 2077 435 2149 bis,
450 2075 622 2154 fiapiemes?
637 2071 679 2132 At
697 2071 846 2151 parvulis,
864 2070 1059 2148 mulieribus,

371 2169 605 2264 ac'piscatoribus
621 2174 807 2254 potissimum
827 2172 983 2238 deleilatus
999 2177 1060 2242 elle

372 2277 498 2345 ridetur.
518 2278 602 2360 Quin
628 2278 662 2340 ὃ(
686 2298 723 2341 ex
747 2279 935 2354 animantium
955 2283 1061 2344 bruto·

374 2407 440 2447 rum
451 2404 559 2468 genere
572 2429 582 2460 ,
594 2403 630 2447 ea
642 2385 824 2466 potissimum
833 2384 949 2467 placent
960 2384 1064 2450 Chris·

374 2506 431 2566 to,
450 2509 550 2572 quaea
571 2490 691 2572 vulpina
710 2488 861 2572 prudentia
882 2510 970 2572 quam
988 2491 1061 2553 lon-

375 2597 489 2678 gissime
510 2593 619 2655 absunt.
641 2594 745 2678 quue
764 2597 845 2655 asino
865 2595 966 2656 maluit
986 2598 1059 2659 insi-

377 2698 471 2770 dere,
492 2717 559 2760 cum
578 2699 655 2775 ille,
683 2699 706 2758 si
729 2696 873 2774 libuisset,
896 2699 946 2762 vel
965 2700 1061 2763 leonis

377 2817 492 2886 tergum
516 2804 636 2887 impune
667 2801 803 2888 potuisset
830 2823 975 2890 premere.
1006 2805 1055 2870 Ac
