2506 3862
432 336 479 413 8⁶
609 303 842 411 'Ericontr
856 355 931 410 unr

427 500 446 541 a
461 475 521 562 qu'o
536 499 639 543 verum
655 481 790 557 audiant,
804 481 837 542 &
851 479 1036 543 assentatores
1049 488 1111 563 pro

425 586 526 646 amicis
545 585 652 649 habere
671 602 822 670 coguntur.
840 583 900 646 Sed
917 584 1104 648 abhorrente

424 706 500 754 vero
516 689 679 772 principum
695 710 799 760 aures,
813 687 917 748 dixerit
933 688 1055 770 aliquis,
1068 687 1101 750 δι

422 791 478 855 hac
496 792 556 876 ipsa
568 793 606 854 de
624 790 706 854 causa
722 790 861 873 sapientes
877 788 945 852 istos
959 789 1102 873 fugitant,

421 898 506 979 quod
527 916 709 974 vereantur,
734 917 773 960 m
798 896 866 980 quis.
885 893 968 958 forte
985 894 1102 958 liberior

418 999 525 1064 existat
533 1047 549 1078 ,
561 1003 610 1084 qui
626 1022 696 1064 veta
710 1003 801 1084 magis
818 1021 906 1083 quam
919 997 1044 1080 jucunda
1056 997 1102 1062 lot·

418 1107 473 1187 qui
488 1105 602 1166 audeat.
623 1103 667 1164 Ita
684 1103 803 1184 quidem
820 1123 866 1164 rer
883 1102 993 1177 habet,
1012 1099 1102 1165 invise

420 1206 537 1288 regibus
551 1206 669 1270 vetitas.
684 1204 744 1268 Sed
755 1221 855 1267 tamen
868 1205 926 1268 hoc
940 1204 1030 1288 ipsum
1044 1207 1101 1273 mie

416 1311 501 1372 rein
518 1309 601 1372 fatuis
619 1310 694 1373 meis
710 1307 761 1371 usu
778 1311 882 1386 venit,
898 1325 931 1371 ut
949 1298 1011 1372 no‘n
1029 1329 1100 1372 vert

417 1414 535 1489 modo,
551 1417 764 1478 verumetiam
775 1413 877 1497 aperta
890 1415 1017 1482 convitia
1031 1434 1100 1476 cum

418 1516 573 1599 voluptate
592 1517 764 1590 audiantur3
784 1517 859 1578 adeo
882 1533 914 1577 ut
932 1518 1011 1580 idem
1032 1518 1099 1579 dic-

417 1637 502 1696 rum,
516 1619 596 1703 quod
610 1621 634 1680 si
647 1618 807 1702 asapientis
820 1638 873 1681 ore
886 1618 1099 1702 proficiscetur,

416 1726 547 1810 rapitale·
560 1724 653 1789 fuerat
671 1725 820 1801 btrntum,
836 1725 1004 1790 amotione
1024 1746 1098 1807 pron

410 1829 550 1908 ¹sedium,
571 1829 772 1893 incredibilem
792 1829 974 1912 voluptatem
994 1831 1097 1913 pariat·

414 1935 518 1997 Habet
531 1936 610 1996 enim
623 1937 777 2014 genuinam
791 1934 936 2012 quandam
952 1934 1097 1998 deledan·

412 2035 447 2094 'di
465 2037 527 2095 vim
543 2037 672 2107 veritas,
686 2035 710 2092 si
727 2033 796 2092 nihil
812 2034 931 2098 accedat
949 2037 1030 2116 quod
1043 2038 1095 2098 of.

409 2135 538 2208 fendat-3
551 2155 655 2197 verum
671 2134 706 2194 id
719 2132 837 2217 quidem
855 2135 920 2200 solis
939 2137 1023 2204 fatuis
1039 2138 1093 2202 Dii

413 2238 570 2300 dederunt.
595 2237 707 2300 lisdem
730 2238 823 2304 ferme
850 2242 888 2304 de
916 2246 1005 2308 causis
1035 2245 1093 2308 hoc

411 2343 568 2407 hominum
583 2363 691 2428 genere
705 2344 842 2408 mulieres
856 2346 982 2428 gaudere
998 2346 1092 2411 solent

409 2449 590 2532 impensius,
603 2466 710 2532 utpote-
724 2449 762 2510 ad
780 2449 968 2531 uoluptatem
982 2451 1014 2516 &
1031 2475 1091 2516 nua-

409 2571 586 2638 gannatura
610 2555 826 2634 propensiores.
855 2550 983 2615 Proinde
1006 2558 1091 2638 quic-

409 2655 480 2738 quid
503 2679 574 2728 cum,
592 2653 754 2736 hujusmodi
779 2652 955 2735 factitarint,
977 2662 1093 2724 etiamsi-

408 2779 618 2842 nonnunquam
645 2757 748 2822 serium
772 2762 882 2837 nimis,
905 2763 961 2826 iliae
987 2783 1090 2826 tamen

410 2861 513 2957 jocum
538 2883 571 2927 ac
596 2862 688 2933 lusum
712 2864 935 2948 interpretantur
952 2912 967 2948 ,Ι
989 2885 1021 2937 ut
1036 2867 1091 2938 ,est
