2496 3876
608 163 614 177 ι
762 73 788 133 ’ἰ

206 225 208 232 '
305 236 507 311 Tnonn
544 234 706 310 Moto.
812 255 867 332 3·

165 397 233 450 tum
242 375 301 478 (1)
312 381 475 470 quemdam
486 406 579 475 agttt.
596 383 787 477 Quanquam
800 394 837 453 tu

164 503 289 594 quidem
303 521 356 584 ut,
365 526 425 592 pto
439 502 594 597 singulari
607 507 743 595 quadam
756 504 837 599 inge-

165 623 216 692 nii
232 623 280 688 tui
292 622 528 714 posnicacitatc
538 674 551 709 ,
572 626 660 716 longo
678 629 796 717 lateque
814 653 836 694 a

164 744 259 834 uulgo
272 737 423 838 difflntirc
432 742 537 834 stilos,
550 744 598 812 ita
604 767 667 834 pto
680 744 838 812 incredibi-

162 861 323 930 limorum
331 860 494 953 fitduitatt
507 861 748 954 facilitateque,
767 887 836 932 cum
917 855 919 858 ’

162 982 308 1051 omnibus
335 982 476 1050 omnium
504 981 649 1050 horarum
681 983 838 1052 hominem

162 1123 251 1197 agere
269 1101 299 1170 dt
315 1121 408 1193 potes
429 1098 600 1196 &gaudeo
621 1100 718 1170 Hanc
743 1103 841 1196 igitur

163 1221 494 1292 Declamatiunculam
517 1249 586 1293 non
598 1223 706 1320 solum
726 1226 836 1293 lubens

163 1342 320 1433 accipies,
343 1366 395 1410 ctu
409 1348 592 1434 μνημόσυνον
617 1341 689 1443 (2)
713 1346 762 1413 tui
775 1345 835 1439 so-

165 1465 270 1548 dalis,
283 1463 493 1535 verumetiam
507 1467 654 1537 tuendam
661 1467 815 1560 ficscqiics
820 1520 835 1555 ,

165 1606 271 1674 utpote
297 1587 354 1654 tibi
378 1589 515 1656 dicatam
530 1638 540 1665 ,
558 1589 694 1680 jamquc
726 1610 836 1674 tuam,

157 1725 235 1772 -non
255 1730 365 1773 mcum.
393 1705 522 1773 Etenim
542 1727 609 1772 non
627 1709 754 1771 dcerunt
766 1706 838 1792 for-

168 1817 244 1918 taffc
259 1821 513 1914 uitilitigntorcs,
536 1819 592 1911 qui
610 1821 842 1892 calumnientur

161 1943 286 2033 purtim
311 1941 440 2011 leuiores
462 1935 515 2038 effe
536 1961 661 2032 nugas,
683 1959 780 2032 quam
802 1947 860 2010 ut.

164 2061 355 2157 Theologum
372 2061 501 2129 doceant
510 2107 522 2141 ,
535 2059 656 2149 panim
669 2060 838 2132 mordacia

166 2205 242 2268 res,
265 2205 361 2272 quam
384 2200 419 2247 ut
447 2177 622 2278 conpiano
645 2182 837 2250 conveniant

168 2301 347 2400 modestia:
363 2297 476 2392 nosque
500 2297 727 2385 clamitabunt,
752 2323 836 2370 vcta·

168 2444 229 2490 rem
243 2421 434 2510 Comoediam
446 2469 458 2504 ,
475 2437 532 2485 aut
545 2417 721 2485 Lucianum
734 2439 835 2508 qucm·
890 2421 893 2425 ’

169 2571 838 2600 W

206 2621 258 2690 (1)
278 2617 468 2688 Philosophum,
487 2621 527 2691 qui
544 2616 658 2688 quioquid
674 2617 773 2703 effetin
788 2593 838 2673 voc

166 2718 302 2771 mortalium
319 2717 422 2772 ridebat.

206 2812 258 2884 (α)
278 2813 367 2885 Pignus
382 2812 502 2866 memorio
519 2814 586 2865 causa
601 2811 719 2867 relidunt.

609 2905 672 2988 Aij
