2452 4386
502 238 787 363 Monrn⁶
917 285 976 388 Q*

286 425 377 504 risus,'
389 427 568 508 cachinnos,
583 430 705 494 delitias.
719 431 784 494 Iam
798 429 970 517 accipite&

288 533 365 595 hanc
379 545 440 595 non
455 533 668 618 aspernandam.
677 534 829 598 stultorum
843 537 971 614 dotem,
1025 587 1029 592 .

286 636 371 720 quod
384 637 437 700 soli
451 640 595 723 simplices
610 663 645 704 ac
661 637 783 704 veridici
795 637 869 702 sunt.
882 641 966 721 Quid

287 757 386 804 autem
396 743 689 807 verimtelcudarius?
700 743 879 827 Quanquam
889 743 968 806 enim

288 845 493 910 Alcibiadeum
509 847 586 931 apud
601 847 757 911 Platonem
774 845 822 931 (1)
841 865 970 930 prover·

137 975 138 982 ¹
218 993 228 1020 .
287 950 389 1027 bium,
402 951 555 1014 veritatem
569 952 640 1017 vino
654 952 842 1036 pueritioeque
854 950 982 1026 tribuitg.

287 1071 389 1117 tamen
402 1058 497 1119 omnis
512 1076 546 1119 ea
560 1056 621 1119 laus
637 1057 708 1120 mihi
720 1057 902 1140 peculiariter
914 1055 971 1119 de·

285 1145 392 1238 berur,
404 1161 455 1224 vel
475 1159 612 1245 Euripide
628 1159 720 1237 teste,
737 1160 819 1246 cujus
834 1177 913 1224 extat
930 1160 972 1224 il·

288 1265 341 1326 lud
364 1265 481 1328 celebre
501 1267 539 1328 de
556 1267 642 1329 nobis
664 1263 795 1342 dilium,
820 1266 896 1348 puple
915 1264 970 1342 γὰρ

288 1366 373 1447 paple
386 1365 466 1444 ’λέγει
480 1364 539 1452 (2).
558 1368 665 1432 Fatuus
684 1369 819 1454 quicquid
837 1357 925 1430 habet
938 1368 969 1430 iu

287 1468 407 1554 pedore
418 1517 428 1547 ,
441 1472 475 1534 id
490 1473 523 1535 &
538 1474 620 1537 vultu
636 1496 696 1558 prce
713 1473 742 1538 fe
760 1473 837 1552 fert,
852 1473 886 1537 δι
900 1496 969 1537 ora·

285 1577 369 1637 tione
385 1578 505 1656 promit.
522 1575 565 1636 At
577 1577 739 1656 sapientum
754 1577 818 1639 sunt
837 1577 901 1638 duae
913 1577 978 1638 illa·

287 1678 394 1760 linguae
405 1722 415 1750 ,
428 1695 460 1738 ut
472 1677 701 1738 idemme'minit
714 1679 866 1759 Euripides
877 1723 889 1750 ,
900 1700 977 1762 qua·-

288 1801 356 1842 rum
366 1777 457 1842 alteri
470 1799 573 1842 verum
585 1779 704 1852 dicunt,
717 1777 826 1852 alteri,
838 1799 903 1860 quae
914 1800 979 1860 pro„

287 1881 424 1967 tempore
441 1881 593 1966 judicarint
613 1898 769 1967 oportuno.
791 1881 908 1944 Horum
929 1881 974 1945 est
1032 1905 1033 1908 ¹

288 1993 403 2075 nigrum
423 1991 453 2051 in
471 1989 593 2051 candida
604 2006 743 2064 vertere,
758 1988 792 2050 &
808 1986 920 2070 eodem
932 2006 974 2050 ex

289 2115 343 2155 ore
364 2092 501 2175 frigidum
519 2095 625 2174 pariter
645 2093 679 2155 &
700 2092 826 2155 calidum
849 2075 978 2167 efflare,

288 2197 439 2279 longeque
458 2193 535 2255 aliud
552 2196 702 2257 conditum
720 2197 829 2259 habere
845 2198 875 2257 in
891 2217 976 2280 pec·

194 2328 200 2340 ·
289 2315 376 2375 core,
391 2297 468 2361 aliud
482 2296 617 2360 sermone
628 2296 747 2382 fingere.
759 2299 851 2363 Porro
864 2301 895 2362 in
907 2317 980 2362 tan·

290 2420 322 2464 ra
335 2402 489 2478 felicitate,
503 2419 603 2464 tamen
617 2401 676 2463 hoc
691 2404 811 2463 nomine
827 2402 980 2486 principes

291 2507 364 2569 mihi
384 2507 518 2572 videntur
542 2505 751 2581 infelicissimi,
769 2504 850 2590 quod
870 2505 980 2584 deest,

319 2777 355 2832 (ι)
368 2777 391 2818 ln
402 2775 519 2828 Symposio.

321 2864 358 2918 (2)
370 2863 446 2904 Stultus
456 2861 517 2913 stulta
528 2862 619 2913 loquitur.
635 2859 657 2901 ln
669 2861 758 2904 Baetulo.
