2452 4386
532 247 622 318 Mo
647 267 674 317 rt
698 266 722 352 t
734 267 788 320 m.
944 243 996 338 87

312 385 480 473 ingeniosus
486 387 665 471 ,presertim
673 375 903 473 adpraetexenda
912 403 1003 458 com-j·

317 489 397 555 milla
414 491 481 569 sua,
495 491 576 556 sexus
592 485 667 557 ille«.

357 699 539 776 xxltvn.
559 689 711 766 Ior'rna
731 699 764 764 ut
786 699 829 763 ad
847 698 992 766 fatuorum

273 871 276 877 ,
306 804 645 883 „felicitatemzredeam
661 805 752 868 multa
773 826 840 869 cum
859 801 993 885 jucundi·

311 927 373 972 tate
387 909 503 992 perada
517 911 577 974 vita
588 912 606 984 ,'
615 909 814 972 nullo‘mortis
828 907 881 971 vel
893 922 992 990 metu,

307 1013 365 1076 luel
378 1011 478 1090 sensu,
492 1012 570 1076 tedia
582 1015 612 1075 in
623 1010 885 1096 eamperlysios
899 1009 993 1072 demi-

305 1125 416 1201 grant,
434 1118 468 1180 &
488 1117 547 1180 illic
568 1117 630 1202 pias
644 1134 736 1202 ‘atquo
757 1115 862 1181 otiosas
883 1114 994 1178 animas

306 1203 426 1282 lusibus·
441 1207 494 1282 sni-e
516 1221 693 1284 deletlaturi.
714 1219 821 1284 Eamus
839 1242 937 1294 nunc,
957 1219 992 1281 &

312 1323 447 1406 quemvis
465 1326 550 1386 etiam
567 1323 726 1408 sapientem
744 1345 810 1386 cnm
826 1321 912 1406 hujus
926 1342 992 1384 rno-

311 1428 400 1489 rionis
412 1425 487 1490 sorte
504 1425 696 1504 conferamus.
708 1427 800 1512 Finge
811 1425 911 1512 ‚quod
924 1425 990 1490 huic
1023 1431 1025 1440 '

310 1552 445 1614 opponas
469 1534 616 1614 exemplar
640 1533 814 1614 sapientiae,
837 1533 989 1593 hominem

310 1635 362 1713 qui
377 1647 473 1692 totam
489 1635 640 1713 pueritiam
659 1650 745 1714 atque
764 1632 989 1695 adolescentiam

310 1735 341 1794 in
358 1731 565 1814 perdiscendis,
578 1733 729 1812 disciplinis
748 1736 938 1807 contriverit,
958 1733 991 1793 dt

310 1836 506 1900 suavissimam
522 1834 589 1897 vitae
606 1850 738 1918 partem,
752 1834 899 1916 perpetuis
915 1835 994 1917 vigi·

304 1943 372 2018 liis,
389 1943 461 2002 curis
472 1985 482 2016 ,
495 1938 652 2002 sudoribus
660 1938 837 2022 perdiderit,
849 1939 931 2002 ne-in
943 1957 991 2000 te·

304 2047 385 2128 liqua
401 2044 520 2128 quidem
537 2047 620 2106 omni
631 2045 693 2107 vita
709 2044 759 2108 vel
774 2043 919 2107 tantillum
929 2062 990 2108 vo-

307 2149 426 2232 luptatis
445 2143 622 2228 dngustnrit,
640 2145 754 2230 semper
773 2169 897 2232 parcus,
914 2168 988 2230 pau-

307 2270 386 2334 per,
400 2247 483 2338 tristis
495 2292 506 2325 ‚
520 2251 659 2325 tetricus,
679 2250 733 2310 sibi
748 2244 804 2333 ipsi
820 2251 987 2334 iniquus'ac

219 2387 222 2390 ·
309 2355 415 2429 durus,
426 2353 486 2415 aliis
499 2352 610 2437 gravis,
624 2350 656 2414 &
666 2351 770 2414 invisus
782 2353 893 2433 pallore
901 2375 987 2428 ,ma-

308 2462 372 2533 cie,
383 2435 569 2532 valetudine,
580 2455 752 2537 lippitudine
763 2500 773 2530 ,
785 2454 932 2516 consessus
943 2455 988 2518 se·

308 2563 380 2637 nio,
396 2563 557 2642 canitieque
573 2559 666 2622 multo
681 2575 748 2620 ante
766 2558 843 2620 diem
857 2577 989 2624 contrat.-

309 2682 361 2739 ta,
377 2679 445 2724 ante
463 2663 540 2724 diem
554 2663 666 2745 fugiens
685 2682 702 2723 e
721 2663 792 2724 vita.
810 2662 987 2750 Quanquam

309 2766 382 2857 qnid
404 2763 492 2831 refert
513 2765 632 2852 quando
653 2765 789 2832 norietur
805 2765 997 2846 illiusmodi*
