2496 3876
394 208 458 304 ’48
582 215 904 286 ΕΝεοΜιυΜ

398 366 413 383 ’·
446 350 477 414 X
481 351 520 416 X.
531 353 674 417 Ponite
688 357 768 438 quod
784 353 958 419 deamicitia
974 358 1090 438 dietum,

405 455 467 531 est,
484 457 515 517 id
532 459 624 520 multo
640 463 731 544 inagis
749 461 787 523 de
802 460 940 546 conjugio
958 463 1082 525 sentienb

404 551 494 636 dum,
506 564 587 645 quod
604 565 723 646 quidem¹
736 565 805 626 nihil
821 565 862 626 est
879 567 979 640 aliud,
995 583 1083 649 quant

403 667 552 756 individua
569 669 636 731 virae
653 667 830 751 conjundlio.
843 667 945 731 Deum
958 673 1082 732 immor-

395 772 495 832 talem
508 771 517 832 l
531 793 595 855 quae
616 793 677 834 non
698 773 845 848 divortia,
858 788 907 833 aut
923 775 1011 835 etiam
1034 775 1083 834 di-

393 876 509 938 'vortiis'
524 877 795 968 deteriora'passim
816 877 1006 949 acciderent,
1026 879 1081 937 nisi

396 981 457 1044 “riri
481 979 669 1064 foeminaeque
690 980 849 1044 domestica
876 965 1080 1056 consuetudo,

394 1091 456 1169 'per
474 1085 691 1159 adulationem,
710 1107 763 1168 per
779 1083 900 1164 jocum,
915 1106 968 1166 per
985 1085 1081 1147 facili*

398 1207 492 1248 ratem
502 1234 512 1262 ,
523 1187 671 1263 errorem,
687 1187 945 1250 dissimulationem
955 1235 966 1262 ,
977 1171 1078 1250 meum

396 1290 864 1374 uriquesatellitium,‚fulciretur,
878 1292 1076 1375 alereturqu'el
1146 1347 1147 1367 ,

395 1395 509 1477 Papae,
526 1417 612 1478 quarn
627 1393 724 1477 pauca
742 1399 854 1459 coirent
871 1399 1077 1472 matrimonia,

396 1501 422 1562 si
439 1499 556 1582 sponsus
571 1499 730 1580 prudenter
744 1502 927 1582 exquireret,
941 1521 1014 1582 quos
1030 1499 1078 1561 lu·

396 1603 443 1666 sus
457 1604 578 1664 delicata
590 1603 658 1678 illa,
672 1605 754 1663 sicuti
766 1605 901 1679 viderur,
916 1625 950 1664 ac
961 1603 1075 1686 pudens

394 1708 581 1793 virguncula,
595 1704 660 1788 jam*
674 1707 768 1768 multo
787 1724 852 1769 ante
870 1710 982 1790 nuptias
998 1707 1075 1770 luse-

394 1815 431 1875 rit
444 1815 452 1874 !
463 1813 543 1875 Tum
558 1829 667 1894 quanto
681 1814 818 1893 pauciora
829 1813 1009 1874 cohaererent
1019 1815 1077 1872 ini-

394 1915 448 1989 ta,
465 1917 519 1976 nisi
533 1917 656 1996 plurima
665 1935 789 1990 uxorum
803 1913 877 1986 iada
887 1934 941 1993 per
955 1915 1010 1976 'viri
1024 1915 1074 1976 iel

394 2019 623 2102 negligentiam,
636 2017 686 2078 vel
699 2015 846 2097 stuporem
861 2015 1002 2077 laterent!
1014 2018 1073 2078 Atb

394 2119 453 2207 'que
470 2123 532 2184 haec
548 2121 666 2206 quidem
685 2115 790 2180 merito
809 2117 929 2182 stultitiae
941 2120 1074 2182 tribuun·

393 2231 442 2292 'tur
452 2252 459 2290 :
471 2249 575 2293 verum
591 2247 625 2288 ea
645 2225 761 2286 interim
776 2222 906 2306 praestat,
917 2241 950 2285 ut
967 2228 1071 2288 rnarito

393 2331 520 2416 jucunda
531 2334 566 2392 sir
576 2351 668 2406 uxor,
686 2331 768 2389 uxori
777 2325 919 2404 jucundus
933 2331 1071 2406 maritus,

391 2436 593 2522 trttranquilla
608 2435 738 2507 donus,
752 2449 784 2492 ut
806 2451 921 2493 maneat
938 2431 1073 2496 affinitas.

312 2611 314 2616 ,
393 2534 873 2621 Ridetur,cuculus,curruca(r)‚
884 2539 917 2600 &
928 2539 996 2622 quid
1008 2561 1070 2602 non
1085 2575 1087 2580 ·

418 2736 462 2787 (r)
476 2736 561 2776 Nomina
577 2739 652 2778 maritis
667 2747 751 2780 uxorum
768 2733 860 2800 castitatis
873 2734 923 2776 haud
934 2726 1032 2786 integrae,
1043 2735 1073 2778 ad,

391 2808 525 2861 opprobrium
537 2806 609 2850 addita·

924 2869 1045 2918 vocatur
1053 2898 1065 2928 ,
