2496 3876
387 264 472 334 14·
533 227 881 317 'Encontvnt

421 382 484 445 IV.
505 381 550 444 In
567 383 648 468 quod
666 385 757 486 nolim
775 386 939 450 existimetis
956 381 994 449 ad
1009 386 1057 448 in·

381 489 459 573 genii
469 487 694 554 ostentationem
708 490 765 554 esse
778 491 933 553 considium
940 537 952 566 ,
961 511 1059 574 quem·

381 591 543 655 admodum
570 594 673 680 vulgus
698 611 847 657 oratorum
872 594 951 657 facit.
980 594 1059 656 Nam

381 697 422 772 ii,
436 697 519 760 sicuti
536 697 645 774 nostis,
661 715 727 760 curn
742 701 906 762 orationem
922 701 992 760 totis
1008 699 1058 762 tri·

382 803 462 885 ginta
482 803 563 864 annis
583 801 783 880 elaboratam,
800 824 1008 885 nonnunquam
1023 803 1057 864 dt

382 906 531 983 alienam,
559 905 736 1000 proferunt,
759 923 858 970 tamen
881 906 977 969 triduo
1004 905 1059 966 sibi

383 1014 466 1094 quasi
483 1031 536 1095 pet
550 1010 641 1073 lusum
659 1007 789 1094 scriptam
803 1029 852 1073 aut
868 1015 956 1074 etiam
970 1009 1060 1072 dida·

382 1132 445 1177 tam
459 1113 515 1176 elle
528 1112 668 1192 dejerant.
680 1113 755 1173 Mihi
767 1135 857 1195 porro
870 1113 984 1196 semper
996 1135 1061 1197 gra·

382 1219 524 1279 tissimum
534 1214 605 1291 fuit,
619 1215 635 1277 i‘
644 1263 653 1292 ,
666 1243 693 1278 rt
703 1211 736 1278 dr
747 1221 790 1281 tel
801 1219 922 1293 protelet
930 1221 997 1279 inlu
1007 1215 1057 1301 (ι)

383 1319 492 1382 dicere.
514 1317 557 1381 At
581 1339 619 1382 ne
643 1321 706 1404 quis
722 1318 816 1401 jama
837 1321 922 1384 nohis
947 1341 1059 1405 expec-

382 1439 451 1500 tet,
466 1440 498 1484 ut
516 1420 596 1504 juxta
620 1424 783 1507 vulgarium
803 1421 920 1486 istorum
939 1425 1060 1488 Rheto-

383 1547 449 1590 tunt
470 1525 708 1589 consuetudinem
722 1570 731 1602 ,
746 1547 794 1589 me
815 1527 905 1606 ipsam
925 1525 1059 1591 finitione

383 1631 551 1715 explicem,
569 1651 660 1714 porro
675 1647 708 1692 ut
725 1629 874 1707 dividam,
891 1631 984 1694 multo
1004 1633 1061 1693 mi·

383 1756 449 1799 uus.
465 1735 544 1798 Nam
557 1753 711 1819 utrumque
725 1738 829 1798 ominis
847 1734 889 1798 est
904 1735 1062 1820 inauspica·
1081 1795 1084 1804 ,
1124 1719 1127 1724 ¹

382 1843 426 1920 ti,
437 1841 488 1907 vel
501 1839 560 1906 fine
579 1840 807 1932 circumscribere
822 1863 906 1917 eam,
919 1838 999 1922 cujus
1012 1861 1063 1926 ηιξ·

384 1964 529 2010 mentam
544 1944 600 2004 late
615 1960 734 2023 pateat,
749 1944 798 2003 vel
812 1943 905 2002 secare
914 1945 961 2015 ,in
979 1941 1060 2022 cujus

384 2047 494 2109 cultum
509 2062 598 2106 omne
614 2063 711 2103 rerum
728 2062 819 2125 genus
833 2045 872 2103 ita
889 2043 1058 2110 consentiat·

385 2147 518 2209 Tametsi
530 2143 664 2228 quorsum
677 2144 797 2207 tandem
811 2149 913 2210 attinet
928 2150 987 2210 mei
1003 2168 1060 2211 ve·

385 2251 429 2312 lut
444 2249 576 2311 umbram
591 2265 677 2332 atque
694 2251 849 2334 imaginem
863 2247 994 2314 finitione
1010 2273 1060 2315 re-

385 2353 578 2441 presentare,
592 2375 658 2416 cum
677 2353 767 2437 ipsam
789 2377 838 2419 me
861 2377 961 2418 coram
981 2373 1061 2439 prad

386 2460 480 2522 sentes
494 2458 663 2543 praesentem
680 2460 771 2521 oculis
784 2445 973 2528 intueamini!
986 2459 1058 2525 Sum

388 2567 520 2641 etenim,
544 2567 586 2626 uti
610 2564 738 2640 videtis,
765 2564 907 2659 vera-illa
932 2566 1058 2650 largitrix

387 2710 1062 2738 ”w

414 2791 424 2842 s
433 2803 438 2828 ι
447 2791 456 2843 )
469 2791 562 2842 Quicquid
570 2795 590 2831 in
600 2795 685 2844 linguam
694 2797 774 2837 venerit.
